3726 5568
672 525 743 578 Acta
759 522 887 580 Archelai
905 523 1070 578 le-uvl.
1490 532 1527 595 31

223 694 266 759 Et
296 695 347 758 dic
376 697 483 757 utrum
513 695 552 758 de
574 690 686 775 loseph
718 695 859 775 generati
890 699 964 758 sunt
993 700 1048 758 eut
1078 717 1116 759 ex
1142 698 1252 760 eodem
1274 696 1388 779 spiritu
1410 699 1529 760 sancto.

223 793 310 879 Ergo
332 798 364 858 et
385 792 503 857 multos
526 791 668 858 Christos
690 794 866 869 habuimus,
889 794 915 858 si
931 815 969 857 ex
984 795 1094 858 eodem
1109 795 1222 878 spiritu
1237 799 1346 860 sancto
1362 799 1529 878 generatos

224 895 348 958 dixeris.
390 892 481 969 Quod
505 894 532 957 si
553 914 617 957 non
639 915 677 957 ex
699 895 810 957 eodem
832 894 953 976 spiritu,
976 896 1032 958 sed
1052 898 1159 959 temen
1180 895 1297 960 dixeris
1323 916 1395 960 eum
1416 894 1567 967 fratresc

224 995 379 1071 hahuisse,
401 995 468 1057 sine
483 994 579 1057 dubio
595 993 843 1077 intellegendum
858 999 906 1057 eet
925 995 1000 1077 quia
1019 998 1094 1077 post
1106 995 1261 1078 spiritum,
1283 998 1356 1078 post
1370 993 1529 1071 Gabrihel,

189 1099 206 1151 5
224 1094 365 1177 nupserit
387 1092 500 1176 loseph
523 1095 614 1176 virgo
637 1094 815 1158 castissima
837 1097 868 1157 et
888 1093 1080 1158 inmaculata
1101 1094 1240 1160 eeclesia
1272 1093 1413 1171 Quodsi
1435 1096 1530 1160 etiam

224 1195 284 1259 hoc
305 1194 476 1258 absurdum
499 1198 547 1257 est
568 1194 697 1257 omnino
720 1216 788 1258 eam
811 1192 954 1277 quolibet
974 1197 1069 1258 modo
1093 1194 1300 1260 concubuisse
1322 1217 1394 1259 cum
1408 1192 1530 1279 loseph,

223 1294 275 1358 dic
296 1316 336 1357 an
357 1292 471 1357 tratres
486 1293 639 1358 habuerit
661 1289 901 1376 Numquidnam
916 1294 1012 1357 etiem
1026 1295 1187 1359 moechiae
1202 1296 1230 1359 ei
1246 1296 1365 1360 crimen
1381 1295 1530 1379 inpingis‚
1548 1303 1567 1359 4

224 1417 242 1457 o
263 1393 509 1476 prudentissime
530 1390 698 1457 Marcelle?
741 1391 831 1469 Quod
854 1393 881 1457 si
903 1393 1015 1457 horum
1036 1393 1116 1458 nihil
1139 1395 1286 1459 convenit
1303 1395 1530 1461 incontamina-

224 1499 273 1557 tae
294 1493 420 1576 virgini,
442 1496 525 1557 unde
548 1493 576 1557 ei
598 1492 697 1558 fuisse
720 1493 833 1557 iratres
864 1494 1021 1558 adstruis?
1064 1493 1156 1571 Quod
1182 1495 1209 1559 ei
1235 1494 1351 1560 fratres
1382 1495 1411 1559 ei
1432 1494 1531 1559 fuisse

173 1599 207 1654 10
223 1615 287 1658 non
315 1597 406 1676 potes
438 1595 580 1666 edocere,
608 1595 767 1676 quomodo
790 1591 892 1657 Maria
920 1597 1023 1657 mater
1044 1595 1110 1658 eius
1132 1596 1203 1670 erit,
1226 1596 1308 1660 sicut
1329 1596 1374 1660 ait
1394 1594 1450 1658 ille
1476 1595 1531 1678 qui

224 1691 360 1757 scribere
382 1714 476 1757 ausus
499 1697 562 1757 est:
584 1697 658 1758 Ecce
678 1709 772 1759 meter
792 1710 844 1757 luc
864 1703 891 1757 et
910 1698 1019 1774 fratres
1039 1699 1086 1758 lui
1098 1699 1175 1774 forie
1188 1700 1290 1758 stant?
1325 1693 1416 1771 Quod
1436 1695 1567 1758 etiami

224 1794 250 1856 si
273 1791 327 1857 ille
349 1814 444 1856 ausus
467 1795 514 1856 est
536 1793 652 1871 dicere,
674 1792 731 1857 illo
752 1794 823 1876 ipso
845 1794 1005 1875 potentior
1027 1798 1082 1857 eut
1102 1795 1204 1858 maior
1226 1816 1293 1858 esse
1312 1816 1405 1858 nemo
1426 1798 1532 1876 potest

225 1893 280 1976 qui
310 1894 449 1958 ostendit
478 1892 571 1957 nobis
601 1897 735 1956 matrem
765 1895 821 1956 eut
850 1892 963 1957 fratres
989 1913 1075 1970 suos;
1101 1896 1157 1958 sed
1184 1896 1215 1957 et
1237 1893 1341 1957 David
1361 1891 1446 1958 lesse
1468 1916 1532 1958 non

225 1993 374 2076 dignatur
395 1990 512 2056 audire.
543 1991 720 2075 Apostolus
735 1991 847 2057 Petrus
862 1991 1089 2074 discipulorum
1109 1994 1251 2058 omnium
1266 1993 1531 2057 eminentissimus

175 2103 207 2155 15
224 2098 300 2157 tunc
321 2110 492 2175 agnoscere
519 2114 589 2157 eum
617 2093 733 2175 potuit,
760 2114 832 2157 cum
858 2090 977 2175 singuli
1003 2092 1169 2174 opiniones
1199 2114 1272 2156 suas
1299 2114 1378 2174 ques
1400 2094 1439 2155 de
1460 2092 1531 2175 ipso

224 2193 384 2256 habehant
408 2195 601 2274 promerent,
631 2192 687 2255 ait:
712 2198 755 2256 lle
776 2215 807 2255 ee
828 2195 969 2257 Christus
989 2195 1075 2272 filius
1095 2194 1142 2254 de:¹
1161 2195 1229 2266 uici,
1252 2196 1284 2255 et
1303 2192 1411 2256 statim
1432 2191 1531 2256 beati·

224 2293 299 2356 ficet
321 2314 393 2356 eum
408 2291 528 2355 dicens:
551 2297 703 2365 eroreiom
723 2296 858 2356 repetivit
880 2294 932 2355 titi
946 2302 1033 2372 paor
1045 2314 1131 2355 meus
1144 2296 1280 2355 corbeth
1316 2289 1399 2355 Vide
1414 2295 1532 2374 quanta
1549 2304 1568 2358 11

224 2391 265 2455 sit
287 2390 465 2455 differentia
490 2412 599 2456 eorum
627 2412 708 2474 quae
734 2393 774 2456 ab
796 2389 867 2457 lesu
901 2392 987 2455 diota
1011 2394 1092 2456 sunt.
1135 2389 1187 2455 llli
1212 2391 1297 2455 enim
1319 2392 1375 2474 qui
1395 2390 1530 2454 dixerat:

224 2497 297 2555 Eece
317 2500 411 2556 neuter
431 2506 483 2554 ruo
503 2494 664 2570 feriretur,
685 2493 861 2575 respondit:
882 2496 963 2567 Oeae
982 2495 1061 2555 mihi
1081 2501 1124 2554 est
1141 2506 1234 2554 mater
1254 2501 1309 2555 oct
1329 2495 1459 2571 fratres?
1491 2488 1532 2554 Ei

172 2604 206 2661 20
225 2595 331 2655 eutem
353 2591 409 2673 qui
430 2591 523 2655 dixit:
548 2594 591 2654 lle
611 2614 643 2655 es
668 2595 806 2657 Otr-istuc
827 2596 913 2671 filius
933 2596 980 2655 dei
999 2595 1069 2667 uiui,
1090 2591 1317 2655 beatitudinem
1339 2590 1532 2655 benedictio·

224 2712 359 2773 nemque
381 2689 526 2755 restituit.
570 2688 604 2755 Si
627 2708 703 2774 ergo
725 2694 763 2755 de
785 2691 955 2756 Mariam
978 2712 1045 2755 esse
1067 2712 1139 2754 eum
1158 2694 1276 2769 natum,
1298 2691 1450 2754 mentitur
1463 2690 1565 2774 ipset

224 2810 297 2854 cum
319 2788 425 2863 Petro:
453 2790 480 2853 si
501 2794 607 2854 autem
628 2812 736 2854 rerum
761 2790 839 2854 dicit
860 2788 986 2864 Petrus,
1012 2789 1080 2854 sine
1101 2790 1198 2854 dubio
1219 2789 1276 2854 ille
1301 2791 1389 2873 prior
1409 2790 1531 2855 fefellit.

224 2890 316 2967 Quod
337 2891 365 2954 si
386 2891 473 2972 prior
493 2889 616 2967 fefellit,
638 2910 732 2954 causa
753 2892 793 2953 ad
815 2891 1003 2973 scriptorem
1025 2889 1184 2954 reicienda
1205 2893 1261 2955 est
1304 2887 1412 2954 Unum
1433 2889 1532 2972 igitur

224 2989 383 3055 Christum
406 3010 463 3053 nos
489 2989 605 3054 scimus
627 3010 696 3054 esse
717 2991 888 3054 secundum
910 2989 1091 3072 apostolum
1112 2987 1261 3070 Paulum,
1283 2988 1372 3054 cuius
1400 2990 1529 3055 vocibus

170 3089 378 3156 corrodimus
400 3088 647 3153 consonantibus
669 3090 834 3152 dumtaxat
854 3090 1003 3153 adventui
1026 3088 1102 3153 eius.

305 3187 376 3253 LVI
398 3187 563 3267 (XLVIII).
605 3186 665 3252 His
687 3187 804 3252 auditis
833 3186 945 3251 turbae
970 3192 1131 3270 permotae
1157 3192 1242 3262 sunt,
1264 3188 1350 3252 velut
1375 3188 1529 3253 rationem

223 3288 362 3354 veritatis
385 3287 619 3352 continentibus
649 3293 680 3352 et
701 3287 858 3353 Archelao
883 3286 930 3351 nil
959 3288 1094 3352 habente
1116 3289 1201 3372 quod
1227 3289 1276 3352 his
1301 3291 1409 3370 posset
1430 3309 1529 3370 oppo-

222 3411 310 3461 nere:
330 3388 391 3452 hoc
405 3387 488 3451 enim
503 3385 655 3451 indicarit
669 3386 833 3464 tumultus,
855 3388 910 3470 qui
929 3386 1012 3450 iuter
1027 3408 1080 3451 eos
1096 3386 1199 3450 fueret
1214 3393 1348 3452 exortus.
1379 3385 1441 3452 Sed
1456 3407 1529 3450 cum

222 3487 393 3573 multitudo
415 3487 658 3571 conquievisset,
681 3486 856 3551 Archelaus
878 3486 940 3550 hoc
959 3488 1054 3552 modo
1081 3487 1258 3569 respondit:
1280 3484 1377 3551 Vocis
1400 3487 1528 3569 quidem
1547 3503 1565 3558 2

170 3596 205 3652 30
224 3587 344 3654 domini
366 3588 465 3653 nostri
487 3584 559 3651 Iesu
581 3586 699 3651 Christi
720 3585 826 3650 nullus
847 3585 965 3668 poterit
986 3608 1053 3650 esse
1074 3586 1246 3668 potentior,
1272 3585 1299 3650 si
1321 3585 1404 3650 enim
1426 3607 1529 3669 neque

222 3709 338 3753 nomen
360 3686 490 3769 aliquod
512 3685 643 3770 aequale
665 3685 694 3748 ei
716 3707 783 3750 esse
804 3684 970 3763 invenitur,
988 3695 1111 3767 propter
1133 3690 1213 3768 quod
1226 3690 1297 3751 deuo
1311 3708 1378 3750 cum
1394 3690 1530 3749 erolum

222 3799 248 3852 et
269 3792 389 3851 deam
414 3790 461 3850 illi
485 3808 596 3850 nomen
617 3790 696 3867 quod
716 3796 760 3849 est
784 3807 981 3866 superemur
1001 3807 1123 3865 nomen,
1152 3807 1255 3869 neque
1284 3784 1318 3848 in
1362 3784 1529 3850 estimonio

310 3969 349 4024 18
367 3968 467 4022 Matth.
485 3968 526 4030 22,
544 3966 578 4021 42
596 3996 628 4006 -
648 3967 734 4031 18111
755 3965 856 4020 Metth.
875 3967 917 4029 16,
936 3968 968 4021 16
985 3995 1019 4005 -
1037 3967 1074 4020 81
1095 3965 1167 4019 Phil.
1185 3967 1209 4031 2,
1227 3967 1244 4021 9

311 4135 367 4190 CM

309 4287 326 4341 2
354 4285 501 4341 hebuimue
526 4284 599 4338 nect
625 4283 726 4337 dixeris
743 4282 782 4351 (Z.
800 4284 827 4351 3)
847 4283 1062 4351 peechnehenC
1092 4284 1096 4350 Ι
1129 4284 1148 4338 8
1174 4283 1294 4337 dixerint
1323 4284 1347 4337 0
1376 4284 1380 4350 Ι
1412 4283 1479 4352 quid
1509 4282 1532 4337 0

223 4374 226 4437 i
259 4369 420 4437 teccleeia]
439 4370 499 4435 tityi
513 4363 673 4423 Otloadslri
703 4369 707 4434 Ι
740 4368 927 4424 amoueo
957 4369 961 4435 Ι
995 4369 1035 4423 lo
1052 4367 1124 4421 noch
1141 4367 1278 4436 quomodo
1298 4375 1330 4431 1-
1348 4368 1382 4422 de
1400 4368 1475 4435 (ether
1485 4369 1530 4423 die

222 4456 292 4510 Zeila
307 4454 487 4524 pescheieben)
508 4454 547 4510 0²
574 4454 578 4520 Ι
605 4452 702 4522 meria]
720 4469 772 4506 aus
789 4453 905 4508 merium
923 4469 991 4505 corr.
1013 4452 1052 4508 0²
1083 4454 1087 4520 Ι
1121 4453 1158 4507 11
1176 4451 1261 4520 stent]
1280 4453 1498 4509 etataRae.C
1525 4458 1528 4521 j

224 4541 262 4595 18
289 4539 384 4594 danidi
410 4556 468 4595 esse
494 4539 528 4593 M
565 4541 569 4603 Ι
612 4537 649 4592 18
668 4536 795 4591 dixerunt
820 4538 843 4592 0
872 4539 877 4604 Ι
909 4537 948 4591 12
968 4536 1040 4605 eum]
1059 4553 1121 4591 eum
1143 4537 1194 4603 01
1227 4538 1266 4592 28
1285 4537 1376 4605 musa]
1397 4538 1531 4604 becconi,

222 4641 332 4679 cauum
353 4623 409 4680 011
446 4624 450 4689 Ι
492 4623 532 4679 28
550 4620 774 4690 consonantibus]
796 4638 827 4675 w.
845 4640 866 4674 e.
889 4620 945 4673 ech.
973 4637 1026 4673 aus
1044 4628 1240 4677 consonantem
1266 4638 1334 4675 corr.
1365 4621 1404 4676 0²
1443 4623 1448 4688 Ι
1489 4624 1526 4677 27

222 4709 351 4779 poseitC
381 4710 385 4776 Ι
418 4709 457 4764 28
476 4709 586 4762 exortus
603 4704 757 4761 fuerantC
786 4706 791 4773 Ι
824 4706 864 4759 80
881 4704 1029 4774 potentior]
1047 4703 1137 4775 potior
1155 4704 1189 4758 Μ
1216 4708 1220 4774 Ι
1253 4707 1290 4762 81
1310 4706 1383 4776 eum]
1401 4705 1482 4761 illum
1500 4705 1532 4759 ll

278 4794 341 4838 Acts
353 4794 473 4838 Archelul.
1302 4791 1320 4848 6
