3726 5568
333 514 372 579 78
897 507 1083 579 Hegemonius

333 675 509 742 Archelaus
531 680 571 742 ad
593 679 758 745 castellnm
779 681 864 745 bunc
882 680 917 745 in
940 700 1004 763 quo
1028 677 1250 741 demorabatur
1263 675 1432 749 Diodorus,
1455 675 1641 759 priusquam

333 776 462 842 omnino
485 778 653 862 quisquam
673 782 713 843 ad
734 780 897 863 publicum
918 779 1112 862 procederet
1151 776 1261 841 Manes
1282 796 1357 840 vero
1378 775 1530 858 ignorans
1551 783 1675 860 prae-‘2

333 879 454 940 sentem
477 899 545 942 esse
566 878 764 958 Archelaum,
786 901 911 945 rursum
933 878 1111 942 Diodorum
1131 877 1325 957 provocabat
1346 877 1386 940 ad
1406 873 1584 957 publicum,
1605 880 1641 939 ut

333 995 405 1039 cum
429 997 466 1040 eo
488 976 702 1059 disputatione
732 981 947 1056 contenderet,
973 975 1082 1042 rolens
1112 997 1185 1039 eum
1204 975 1309 1041 verbis
1330 975 1520 1058 opprimere,
1542 996 1581 1038 ex
1603 997 1640 1040 eo

299 1083 315 1133 5
334 1076 418 1156 quod
440 1076 625 1141 advertebat
646 1099 718 1142 eum
738 1078 899 1144 hominem
921 1098 989 1142 esse
1008 1073 1184 1158 simplicem
1199 1078 1231 1139 et
1244 1095 1310 1138 non
1323 1073 1399 1139 satis
1414 1074 1641 1156 scripturarum

334 1175 571 1257 quaestionibus
593 1176 763 1253 eruditum
784 1177 935 1243 Archelai
950 1176 1033 1241 enim
1048 1173 1211 1239 doctrinae
1229 1174 1293 1237 iam
1306 1178 1490 1256 perceperat
1503 1179 1641 1259 gustum.

334 1272 414 1338 Cum
436 1295 512 1357 ergo
535 1281 566 1339 et
587 1277 698 1339 turbae
720 1279 941 1343 convenissent
959 1278 1000 1339 ad
1019 1273 1149 1339 solitum
1164 1274 1386 1357 disputationis
1400 1273 1507 1338 locum
1529 1279 1561 1339 et
1574 1275 1640 1339 Ma·
1659 1280 1676 1333 8

333 1396 389 1439 nes
410 1374 475 1438 iam
496 1374 593 1440 rerba
613 1376 717 1440 facere
739 1375 902 1460 coepisset,
924 1375 1030 1440 subito
1051 1374 1084 1438 in
1106 1373 1210 1437 medio
1233 1395 1342 1438 eorum
1364 1374 1510 1457 adparuit
1525 1374 1642 1438 Arche·

332 1473 402 1538 laus
423 1495 462 1539 ac
482 1473 660 1539 Diodorum
682 1475 855 1557 conplexus
881 1479 991 1540 sancto
1013 1472 1122 1538 osculo
1144 1472 1301 1537 salutavit
1331 1472 1491 1537 Diodorus
1512 1495 1586 1538 vero
1610 1479 1643 1537 et

281 1582 315 1636 10
333 1595 442 1639 omnes
465 1573 520 1657 qui
541 1577 721 1656 praesentes
744 1578 834 1639 erant
855 1573 1001 1638 admirati
1022 1578 1097 1638 sunt
1119 1595 1198 1655 opus
1222 1572 1347 1636 divinae
1360 1571 1585 1655 providentiae,
1606 1580 1643 1636 ut

332 1674 364 1737 in
386 1679 530 1757 tempore
552 1674 622 1756 ipso
645 1676 830 1738 adventaret
844 1672 1020 1738 Archelaus
1043 1694 1106 1756 quo
1131 1671 1274 1755 quaestio
1289 1673 1487 1748 movebatur3
1509 1694 1543 1737 re
1558 1672 1642 1736 enim

334 1797 415 1853 vera,
439 1773 525 1857 quod
546 1772 708 1837 fatendum
732 1777 787 1848 est,
810 1771 900 1856 quasi
922 1794 960 1836 ex
981 1776 1070 1856 parte
1091 1771 1199 1856 eliqua
1215 1770 1382 1856 religiosus
1396 1771 1555 1836 Diodorus
1570 1792 1641 1854 per·

333 1876 482 1939 timuerat
496 1871 688 1938 conflictum.
719 1871 799 1937 Cum
814 1877 919 1936 autem
933 1872 1064 1937 vidisset
1077 1870 1270 1936 Archelaum
1284 1869 1403 1949 Manes,
1424 1871 1558 1936 cessarit
1573 1872 1641 1955 qui·
1658 1878 1677 1932 4

333 1977 405 2039 dem
427 1972 578 2040 continuo
609 1973 648 2036 ab
679 1971 885 2037 insultatione
912 1976 943 2035 et
963 1970 1132 2054 supercilio
1159 1992 1222 2035 non
1249 1992 1360 2053 parum
1390 1971 1512 2035 deiecto
1542 1972 1641 2035 mani·

281 2079 314 2131 15
333 2072 414 2139 feste
443 2070 691 2154 intellegebatur
721 2073 807 2155 quod
838 2070 1022 2136 conflictum
1050 2070 1147 2135 vellet
1177 2069 1323 2154 effugere.
1365 2068 1539 2135 Multitudo
1566 2094 1641 2136 uero

333 2172 514 2237 auditorum
544 2170 714 2236 adrentum
741 2170 889 2236 Archelai
915 2170 1004 2235 velut
1032 2169 1168 2253 apostoli
1197 2170 1405 2252 praesentiam
1427 2170 1556 2253 opinata
1586 2177 1642 2249 est,

332 2295 390 2356 pro
413 2294 450 2337 eo
475 2273 560 2355 quod
582 2273 621 2334 ad
643 2271 731 2335 verbi
762 2270 977 2335 defensionem
998 2272 1213 2351 temperatus
1235 2272 1354 2333 ettam
1374 2273 1539 2352 promptus
1561 2270 1641 2336 exis-

332 2376 420 2437 teret.
463 2370 600 2435 Etcum
623 2373 751 2434 dextera
772 2368 933 2433 silentium
955 2370 1153 2452 poposcisset
1174 2391 1193 2431 a
1213 2367 1332 2451 populo
1362 2368 1531 2449 (tumultus
1557 2372 1677 2435 enimt

332 2494 397 2536 non
412 2469 581 2535 mediocris
603 2469 771 2548 extiterat),
792 2469 854 2533 boc
874 2472 969 2532 modo
992 2470 1098 2552 coepit
1119 2467 1303 2534 Archelaus.
1345 2466 1485 2533 Tametsi
1506 2472 1641 2551 pruden-

282 2573 315 2627 20
332 2570 395 2634 tiae
417 2568 552 2652 gloriam
574 2569 669 2633 etiam
690 2573 870 2633 nostrorum
892 2567 1038 2633 nonnulli
1060 2568 1200 2633 adsecuti
1214 2573 1296 2644 sunt,
1318 2572 1424 2632 tamen
1442 2569 1503 2632 boc
1517 2591 1573 2633 vos
1588 2572 1641 2634 de·

332 2690 444 2752 precor
466 2673 632 2733 uteorum
654 2690 734 2752 quae
756 2672 830 2732 ante
851 2690 902 2732 me
924 2668 1009 2732 dicta
1031 2670 1105 2733 sunt
1125 2666 1341 2732 testimonium
1356 2667 1530 2733 reservetis.
1568 2667 1677 2733 Scies

333 2769 416 2834 enim
438 2773 469 2833 et
490 2771 594 2833 certus
624 2789 710 2848 sum,
741 2767 867 2846 fratres,
889 2767 1039 2851 quoniam
1059 2766 1200 2831 Diodoro
1223 2788 1286 2831 non
1307 2788 1365 2850 pro
1386 2766 1486 2850 ipsius
1507 2766 1642 2851 inpossi-

333 2868 457 2933 bilitate
487 2867 637 2945 successi,
668 2867 896 2950 sedquoniam
917 2868 1013 2931 istum
1036 2886 1095 2950 ego
1125 2866 1199 2931 nori
1228 2870 1305 2931 tunc
1330 2887 1403 2931 cum
1429 2869 1469 2929 ad
1494 2865 1557 2932 loci
1578 2868 1642 2932 mei

333 2972 436 3051 partes
457 2968 609 3051 inprobus
630 2966 809 3031 advenisset
829 2966 972 3032 Marcelli
994 2966 1054 3031 riri
1075 2965 1177 3030 incliti
1191 2965 1301 3050 gratia,
1322 2965 1433 3031 volens
1447 2988 1519 3030 eum
1535 2967 1642 3031 derer-

281 3074 315 3127 25
333 3074 399 3133 tere
420 3091 440 3131 a
460 3071 568 3132 nostra
590 3066 734 3131 doctrina
755 3071 787 3130 et
808 3089 827 3129 a
847 3066 918 3143 fide,
939 3065 1100 3143 videlieet,
1122 3088 1185 3150 quo
1206 3066 1367 3150 inpietatis
1394 3065 1487 3130 buius
1509 3065 1642 3130 idoneus

334 3166 513 3233 efficeretur
534 3169 688 3244 adsertor;
715 3173 747 3230 et
771 3170 878 3230 tamen
900 3165 1046 3229 omnibus
1067 3165 1132 3230 suis
1153 3166 1258 3230 verbis
1283 3165 1317 3230 in
1338 3163 1426 3230 nullo
1448 3187 1520 3230 eum
1542 3166 1643 3229 diver·

332 3272 398 3332 tere
434 3270 465 3331 et
499 3288 626 3331 movere
660 3265 844 3349 praevaluit.
902 3263 1021 3329 Similis
1057 3264 1141 3328 enim
1178 3266 1324 3330 inventus
1360 3269 1409 3330 est
1443 3264 1676 3349 religiosissit

333 3390 403 3432 mus
425 3364 595 3431 Marcellus
624 3370 746 3449 petrae,
776 3366 810 3429 in
837 3387 900 3448 qua
932 3364 1097 3428 aedificata
1127 3367 1175 3429 est
1204 3367 1317 3428 domus
1346 3362 1545 3430 solidissimis
1570 3363 1641 3430 fun-

334 3466 504 3545 damentis,
534 3470 566 3530 et
597 3486 669 3529 eum
700 3464 913 3529 descendisset
943 3463 1053 3548 pluvia
1082 3468 1114 3527 et
1141 3462 1312 3528 inruissent
1338 3463 1469 3529 flumina
1491 3486 1528 3529 ac
1556 3466 1643 3529 renti

281 3570 315 3623 dl
334 3571 366 3630 et
386 3566 560 3630 inlisissent
586 3567 618 3629 in
641 3568 771 3630 domum
793 3564 894 3642 illam,
915 3564 1068 3647 perstitit3
1094 3562 1226 3627 fundata
1248 3562 1331 3628 enim
1354 3568 1421 3628 erat
1442 3564 1642 3629 solidissimis

334 3671 366 3729 et
386 3665 591 3730 inmobilibus
613 3665 840 3730 fundamentis:
863 3663 937 3727 huic
953 3667 1072 3741 autem,
1094 3663 1149 3747 qui
1167 3685 1315 3746 praesens
1331 3667 1386 3742 est,
1408 3664 1570 3729 infamiam
1585 3687 1641 3749 po·

334 3764 397 3828 tius
426 3763 535 3828 intulit
565 3769 696 3829 conatus
721 3765 790 3848 ipse
813 3785 908 3847 quam
932 3762 1068 3827 laudem.
1111 3759 1185 3827 Non
1208 3762 1291 3826 enim
1312 3764 1391 3827 mibi
1412 3764 1505 3828 venia
1525 3765 1679 3848 dignust}

333 3863 457 3927 videtur
479 3862 532 3946 qui
555 3863 749 3947 ignoraverit
770 3864 855 3946 quod
877 3862 1018 3926 futurum
1040 3866 1101 3943 est3
1124 3863 1290 3944 oportebat
1312 3863 1396 3926 enim
1418 3884 1491 3927 eum
1509 3885 1643 3946 praeno-

334 3983 419 4027 scere
442 3964 497 4047 qui
518 3966 593 4026 sunt
611 3962 733 4046 proprii
754 3963 817 4040 sui,
842 3963 870 4027 si
892 3961 1020 4046 quidem
1043 3961 1171 4044 spiritus
1197 3961 1374 4043 paracletus
1396 3961 1574 4027 habitatin
1597 3985 1643 4028 ec.

419 4145 458 4200 as
476 4142 576 4198 uach.
596 4145 620 4211 r,
637 4144 678 4199 24.
697 4144 738 4198 aa.
765 4142 834 4198 nui.
852 4143 876 4210 c,
893 4144 928 4198 rs

422 4294 476 4349 cn

420 4447 436 4501 1
464 4445 624 4500 morabatur
653 4446 677 4501 0
706 4447 710 4512 Ι
743 4445 761 4501 ὅ
788 4462 850 4501 eum
876 4454 910 4504 <
936 4442 971 4496 M
998 4443 1002 4510 1
1036 4444 1054 4497 6
1080 4446 1259 4513 perceperant
1286 4443 1310 4498 0
1338 4444 1344 4511 Ι
1377 4443 1416 4499 10
1442 4460 1510 4514 opus
1528 4454 1561 4504 <
1578 4444 1613 4498 Μ
1639 4446 1643 4513 Ι

335 4531 378 4586 12·
399 4529 587 4601 pertimuerat]
605 4530 742 4597 Zecaprrt
763 4532 939 4601 pertonuerat
959 4527 1015 4583 OM
1043 4528 1048 4596 Ι
1081 4529 1119 4583 le
1146 4527 1318 4597 prudentiae]
1337 4527 1481 4597 prudentie
1498 4516 1569 4583 reste.
1586 4528 1644 4582 sch.

333 4632 372 4668 ac
388 4614 564 4685 prudentiam
581 4615 639 4669 und
655 4614 731 4669 dcun
748 4632 786 4669 au
803 4613 950 4685 prudentie
967 4630 1036 4668 cerr.
1058 4612 1096 4667 0²
1118 4613 1122 4680 Ι
1150 4613 1189 4668 22
1207 4611 1337 4668 diodorus
1357 4613 1381 4668 0
1405 4615 1409 4681 Ι
1436 4613 1475 4668 24
1493 4612 1595 4682 incliti]
1614 4613 1644 4666 in

333 4699 448 4771 legisO
478 4702 481 4769 Ι
515 4701 552 4754 27
574 4699 626 4769 est]
645 4700 719 4755 esO
747 4703 752 4769 Ι
786 4701 826 4755 34
843 4698 1023 4770 paraclytiO
