3726 5568
325 519 365 577 44
893 511 1078 581 Hegemoniue

325 680 483 744 custodire
505 702 542 744 ac
564 699 672 763 regere
693 681 909 759 substantiam,
940 680 1023 747 sicut
1044 687 1259 764 susceperant,
1290 685 1322 744 et
1343 680 1462 764 perfrui
1484 680 1577 747 bonis
1604 686 1637 746 et

324 780 480 843 fructibus
501 780 563 863 ipsi
584 780 705 846 domini
724 781 918 865 heredesque
939 780 1089 846 derelicti
1125 781 1159 846 si
1182 781 1237 864 qui
1258 801 1368 845 vemm
1389 803 1427 845 ex
1448 783 1519 865 egri
1540 783 1634 849 buius
1652 785 1672 841 4

325 880 479 944 fructibus
498 880 659 963 percipere
673 884 806 962 rogaret,
828 880 1029 965 indulgenter
1042 883 1241 964 praeberent3
1262 881 1311 947 sin
1326 885 1432 945 autem
1447 883 1633 948 coheredem

323 1001 356 1043 se
378 980 485 1044 dicens
513 983 706 1063 exposceret,
730 980 905 1045 devitarent
925 981 1075 1064 persequi
1096 980 1223 1064 (utque)
1245 981 1383 1045 alienum
1405 1001 1473 1047 esse
1492 1004 1632 1066 pronun-

289 1087 306 1139 5
322 1081 450 1157 tierent3
473 1101 552 1163 opus
573 1085 679 1144 autern
700 1078 802 1163 magis
822 1079 926 1144 fecere
947 1079 1061 1146 debere
1075 1103 1148 1146 eum
1163 1081 1218 1165 qui
1232 1081 1331 1165 recipi
1344 1079 1430 1147 velit
1465 1081 1632 1159 Quomodo

324 1199 409 1263 ergo,
431 1178 480 1243 bis
503 1180 650 1243 omnibus
672 1181 751 1243 bene
773 1183 920 1263 recteque
942 1180 1104 1264 dispositis
1126 1185 1158 1246 et
1183 1180 1310 1246 statutis
1337 1202 1374 1245 ao
1394 1179 1532 1264 plurimo
1554 1188 1632 1249 tem·

322 1301 398 1362 pore
419 1281 453 1343 in
475 1300 512 1344 eo
533 1283 619 1343 statu
643 1280 928 1361 perseverantibus,
959 1302 1032 1345 eum
1062 1281 1117 1364 qui
1138 1285 1212 1364 post
1232 1285 1390 1347 trecentos
1412 1281 1510 1347 ferme
1532 1304 1632 1351 annos

323 1380 443 1443 venerit
466 1383 497 1444 et
519 1380 666 1444 heredem
685 1400 801 1443 essese
824 1379 990 1444 confirmet
1010 1403 1073 1445 non
1089 1379 1281 1446 obiciemus?
1307 1379 1382 1447 Non
1398 1381 1480 1446 iuste
1494 1381 1670 1448 alienant

322 1481 600 1563 pronuntiabimus
627 1480 682 1562 qui
708 1500 766 1543 neo
792 1481 829 1542 de
851 1479 1038 1562 propinquis
1059 1500 1093 1544 se
1115 1501 1184 1545 esse
1214 1481 1364 1558 ostendit,
1395 1482 1452 1564 qui
1471 1482 1632 1573 defuncto

272 1587 305 1641 10
322 1583 430 1645 nostro
452 1602 515 1644 non
538 1577 675 1642 adfuerit
696 1577 885 1659 aegrotanti,
908 1579 963 1661 qui
990 1581 1023 1644 in
1046 1579 1194 1664 exequias
1216 1600 1279 1646 non
1300 1580 1373 1645 ierit
1394 1580 1552 1658 crucifixo,
1576 1582 1632 1665 qui

322 1677 488 1762 sepulchro
509 1700 573 1742 non
596 1676 764 1755 adstiterit,
787 1678 843 1760 qui
864 1680 993 1745 omuino
1015 1681 1135 1745 nesciat
1157 1682 1317 1764 quomodo
1340 1685 1395 1744 aut
1421 1680 1557 1764 qualiter
1579 1683 1632 1746 de·

321 1776 448 1842 functus
470 1782 526 1856 est,
546 1779 601 1861 qui
623 1776 759 1860 denique
773 1777 957 1842 thesaurum
970 1778 1120 1843 frumenti
1133 1779 1258 1863 ingredi
1273 1779 1388 1863 cupiat,
1409 1780 1497 1845 nullo
1512 1780 1631 1846 indicio

321 1875 425 1942 delato
447 1875 486 1940 ah
509 1898 546 1941 eo
569 1878 624 1961 qui
646 1876 881 1960 obsignaverit?
903 1875 1019 1942 Nonne
1041 1900 1112 1942 eum
1126 1882 1291 1962 tamquam
1304 1878 1460 1945 latronem
1482 1885 1514 1944 et
1527 1879 1667 1944 furemt

321 1976 492 2041 obiciemus
523 1998 560 2040 ec
589 1978 692 2041 modis
723 1977 870 2041 omnibus
900 1976 1113 2059 expellemus?
1149 1977 1238 2044 Haeo
1259 1978 1359 2063 igitur
1379 1979 1470 2064 signe
1492 2001 1575 2063 quae
1596 1982 1631 2045 in

270 2084 303 2136 15
320 2075 489 2158 praedictis
512 2077 795 2158 conprehendimus
822 2075 973 2158 exemplis
999 2079 1060 2143 iste
1084 2101 1149 2143 non
1174 2078 1317 2144 deferens
1340 2081 1441 2159 adest,
1468 2081 1574 2144 dicens
1596 2101 1630 2144 se

321 2196 387 2239 esse
409 2176 604 2259 paracletum
627 2177 682 2259 qui
703 2178 743 2241 ab
765 2173 838 2240 Iesu
859 2178 1078 2259 praesignatus
1101 2182 1148 2242 est
1170 2179 1267 2257 mitti,
1295 2179 1328 2243 in
1359 2201 1422 2263 quo
1444 2182 1628 2244 mendacem

319 2264 469 2358 ignorans
491 2275 625 2341 fortasse
655 2277 779 2339 adseret
799 2272 916 2351 Iesum3
947 2275 1002 2358 qui
1033 2278 1117 2341 enim
1148 2279 1269 2342 dixerat
1293 2300 1408 2345 senon
1430 2278 1531 2345 multo
1554 2280 1664 2363 post?

319 2373 487 2438 missurum
510 2395 578 2440 esse
599 2374 793 2456 paracletum
814 2374 973 2439 invenitur
993 2379 1066 2460 post
1086 2380 1243 2442 trecentos
1265 2382 1297 2442 et
1318 2400 1355 2443 eo
1378 2377 1513 2461 amplius
1528 2401 1628 2445 annos

318 2473 441 2538 misisse
463 2474 559 2549 hunc,
590 2473 765 2556 sicutipse
791 2472 852 2538 sibi
878 2473 1094 2539 testimonium
1120 2477 1271 2558 perhibet.
1314 2476 1398 2554 Quid
1428 2477 1534 2543 dicent
1555 2477 1626 2544 lesu

267 2585 302 2640 20
318 2573 352 2637 in
374 2573 425 2637 die
447 2572 555 2637 iudicii
577 2572 625 2636 illi
647 2573 702 2657 qui
722 2575 786 2637 iarn
808 2572 873 2636 vita
895 2579 1095 2638 excesserunt
1116 2596 1153 2639 ex
1175 2574 1232 2641 illo
1246 2581 1389 2659 tempore
1407 2599 1508 2662 usque
1522 2584 1627 2645 nunc?

318 2671 434 2737 Nonne
455 2672 532 2737 haec
554 2675 637 2756 apud
660 2694 731 2737 eum
753 2671 948 2756 allegabunt:
981 2671 1059 2739 Noli
1080 2696 1137 2740 nos
1160 2676 1300 2740 cruciare
1321 2675 1348 2740 si
1370 2697 1466 2759 opera
1485 2681 1541 2742 tua
1562 2700 1627 2745 non
1646 2689 1664 2744 8

318 2772 470 2838 fecimus?
500 2770 564 2837 (lur
586 2772 679 2846 enim,
702 2793 774 2836 cum
794 2773 976 2855 promiseris
1002 2774 1060 2839 sub
1088 2773 1215 2841 Tiberio
1238 2774 1370 2841 (laesere
1395 2776 1564 2843 missurum
1595 2783 1627 2845 te

318 2893 385 2936 esse
407 2871 609 2954 paracletum,
631 2872 687 2955 qui
701 2883 831 2953 arpuomt
849 2896 905 2937 noe
926 2878 959 2938 de
968 2884 1084 2955 peccato
1098 2880 1172 2939 etde
1192 2879 1303 2940 icdr'cio
1324 2885 1351 2940 et
1371 2880 1405 2940 de
1418 2881 1543 2955 irretita,
1565 2880 1627 2942 sub

318 2969 422 3037 Probo
445 2974 571 3035 demum
597 2970 742 3037 Romano
763 2970 941 3054 inperatore
961 2972 1095 3039 misisti?
1127 2973 1222 3057 (Gur)
1241 2975 1399 3058 orphanos
1421 2974 1626 3059 dereliquisti,

266 3080 300 3136 25
317 3093 389 3136 cum
411 3070 478 3155 ipse
500 3070 628 3149 dixeris,
657 3094 721 3135 ooo
750 3075 953 3153 derelinquam
976 3096 1029 3137 uos
1054 3079 1218 3153 orphanos,
1249 3095 1322 3139 cum
1351 3075 1419 3157 ipse
1448 3074 1563 3142 dixeris
1585 3081 1626 3153 te,

317 3192 391 3236 mox
412 3171 486 3245 ires,
508 3170 678 3235 missurum
701 3192 768 3236 esse
789 3170 1005 3254 paracletum?
1041 3173 1124 3250 Quid
1145 3178 1328 3257 poteramus
1355 3175 1488 3256 orphani
1514 3175 1626 3255 facere,

316 3292 380 3335 non
409 3271 561 3335 habentes
587 3274 746 3335 tutorem?
781 3267 872 3335 Nihil
901 3293 959 3337 nos
990 3271 1194 3356 deliquimus,
1224 3278 1259 3339 tu
1285 3295 1343 3340 nos
1368 3273 1520 3340 fefellisti
1564 3274 1663 3341 Sede

317 3371 399 3434 absit
421 3371 482 3435 hoc
503 3393 522 3433 a
543 3370 673 3435 domino
695 3374 804 3436 nostro
825 3369 897 3436 Iesu
919 3368 1046 3438 Christo
1067 3371 1224 3439 salvatore
1246 3374 1350 3440 omnis
1371 3375 1505 3440 animae.
1550 3374 1625 3442 Non

316 3473 401 3535 enirn
427 3474 567 3536 moratus
589 3475 637 3535 est
657 3471 690 3535 in
717 3471 979 3553 promissionibus
1010 3473 1088 3553 suis,
1118 3475 1174 3537 sed
1205 3494 1277 3538 curn
1308 3474 1450 3552 dixisset,
1479 3480 1554 3539 cudo
1584 3482 1626 3539 ad

264 3578 299 3632 30
311 3581 429 3649 patrem
457 3593 560 3634 rreum
593 3580 621 3633 et
652 3576 738 3634 mitto
764 3575 846 3634 vobis
873 3576 1065 3653 paracletum,
1098 3574 1206 3638 statim
1237 3573 1337 3652 misit,
1368 3574 1511 3638 dividens
1541 3577 1625 3641 dona

315 3668 480 3752 discipulis
502 3670 575 3746 suis,
598 3669 810 3733 abundantius
831 3691 904 3736 vero
927 3673 1091 3737 conferens
1114 3672 1224 3738 Paulo.

400 3817 440 3872 23
458 3816 640 3883 Joh.16,8—
659 3818 697 3873 25
716 3817 773 3872 Ioh.
784 3821 867 3885 14,18
885 3850 918 3858 -
936 3820 975 3876 28
994 3821 1123 3875 ciclleicbt
1140 3822 1166 3875 11
1184 3821 1256 3877 Petr.
1269 3822 1319 3887 3,9
1337 3853 1370 3861 —-
1389 3823 1428 3878 211
1447 3823 1628 3888 Joh.14,12ff

313 3902 372 3955 ried
389 3903 428 3968 16,
447 3901 481 3957 28
497 3931 531 3940 -
547 3902 582 3956 31
603 3902 651 3970 epl.
670 3902 682 3954 l
700 3903 764 3958 Kor.
783 3906 823 3969 15,
841 3904 875 3957 10

402 4004 458 4059 CM

399 4107 464 4160 let
481 4105 562 4169 (noch
579 4104 679 4175 bonis)]
698 4122 713 4160 e
735 4106 790 4161 OM
817 4108 821 4176 1
855 4107 1027 4177 tderelicti}
1045 4108 1096 4161 dcc
1112 4112 1181 4162 erstc
1197 4107 1208 4162 i
1225 4125 1278 4162 uua
1296 4125 1311 4163 e
1329 4126 1397 4164 corr.
1420 4110 1458 4164 0²
1481 4112 1485 4178 1
1517 4111 1622 4180 verum]

314 4206 379 4245 uero
397 4189 432 4243 Μ
455 4193 460 4252 1
496 4189 702 4259 tcoheredem]
731 4191 922 4246 conderemO
950 4195 954 4260 1
987 4193 1006 4247 4
1033 4195 1210 4262 exposcerent
1234 4193 1288 4247 mit
1312 4212 1331 4246 n
1354 4194 1448 4263 petilpt
1465 4195 1500 4249 M
1527 4197 1532 4264 1
1564 4212 1622 4266 per·

314 4274 401 4343 aequi]
421 4276 504 4343 etque
521 4274 652 4343 beronici,
670 4274 743 4329 uach
760 4276 886 4346 persequi
904 4284 936 4339 1-
950 4279 1033 4347 atque
1050 4278 1152 4332 lluube
1175 4280 1180 4346 Ι
1199 4279 1216 4334 t
1234 4278 1290 4347 qui]
1310 4294 1392 4347 quem
1404 4279 1440 4333 M
1458 4283 1462 4347 1
1497 4280 1511 4334 1
1532 4280 1589 4335 lere
1603 4280 1626 4335 0

314 4361 318 4429 1
348 4362 367 4415 o
391 4358 673 4430 pronuntiauimusG
701 4363 705 4426 1
739 4361 775 4416 11
803 4378 859 4417 non
877 4372 910 4420 <
932 4361 956 4416 0
978 4362 1127 4431 utherpeacb.
1145 4378 1197 4416 core
1217 4367 1337 4430 aprtterer
1355 4364 1440 4418 Hand
1472 4365 1476 4431 1
1510 4365 1549 4420 18
1575 4364 1623 4419 ob·

314 4444 473 4514 signaueret
490 4442 525 4497 Μ
553 4447 557 4509 1
589 4444 677 4498 iurem
695 4446 724 4499 et
740 4443 879 4500 latronem
896 4446 931 4499 M
959 4449 963 4514 1
997 4447 1033 4503 11
1054 4448 1170 4503 fortaem
1188 4456 1221 4507 <
1238 4448 1273 4501 Μ
1303 4449 1306 4515 1
1340 4449 1378 4504 21
1398 4449 1469 4517 cnm]
1489 4449 1591 4506 eumC
1617 4450 1621 4518 1

313 4528 422 4598 tyberio
440 4527 475 4581 M
502 4529 507 4597 1
539 4527 578 4583 21
597 4531 625 4582 et
643 4528 676 4583 de
693 4528 796 4585 iudicio
815 4530 893 4590 <0
921 4533 925 4597 1
958 4532 998 4587 14
1018 4532 1104 4602 probo
1121 4550 1147 4587 a.
1164 4532 1231 4587 Res.
1253 4533 1301 4601 01
1329 4533 1386 4601 our]
1408 4532 1511 4587 Traube
1543 4536 1547 4601 1
1582 4533 1618 4588 21

313 4611 544 4681 delinquimusO
571 4615 575 4681 1
609 4615 648 4670 28
675 4614 737 4684 hoo]
763 4615 836 4668 hanc
862 4615 886 4667 0
914 4616 919 4682 Ι
951 4616 1049 4686 omniu]
1072 4616 1202 4684 Zucupur',
1230 4634 1310 4673 omne
1331 4617 1387 4671 CM
1414 4621 1418 4686 1
1451 4619 1491 4674 80
1515 4618 1622 4674 donans

316 4698 339 4751 0
375 4698 381 4767 1
414 4698 450 4752 el
475 4697 680 4752 abundantibus
703 4699 726 4754 0
755 4700 759 4768 1
792 4699 925 4754 confitens
948 4700 971 4754 0
