3768 5566
689 529 761 581 Aeta
777 527 907 582 Archelai
926 528 998 582 VIII.
1017 528 1062 583 IX.
1492 536 1529 593 13

214 718 287 761 τιον
318 687 380 770 τὰς
417 686 525 776 ψυχὰς
555 695 611 760 καὶ
643 687 770 773 ταύτας
801 685 820 761 ὁ
850 695 951 781 μέγας
985 689 1129 780 φωστὴρ
1167 710 1240 774 ταῖς
1270 686 1382 762 ἀκτῖσι
1412 691 1529 774 λαβών

215 796 391 881 καθαρίζει
426 795 480 859 καὶ
504 794 708 877 μεταδίδωσι
741 797 784 878 τῇ
806 787 944 881 σελήνη,
967 797 1022 861 καὶ
1045 783 1158 874 οὕτως
1179 797 1371 880 πληροῦται
1394 795 1454 880 τῆς
1476 814 1527 862 σε·

215 886 320 980 λῆνης
351 884 370 960 δ
402 896 528 971 δίσκος,
560 883 579 958 ὁ
610 886 689 975 παρ’
721 885 801 979 ἡμῖν
830 887 1177 979 προσαγορευόμενος·
1213 901 1318 963 πλοῖα
1348 889 1411 980 γὰρ
1447 884 1565 978 ἧτοισ

215 997 384 1076 πορθμεῖα
408 987 493 1059 εἶναι
509 995 595 1074 λέγει
617 989 697 1071 τοὺς
719 987 780 1060 δύο
804 995 994 1079 φωστῆρας.
1029 990 1102 1060 εἶτα
1117 989 1176 1060 ἐὰν
1190 997 1333 1079 γεμισθῇ
1356 985 1525 1080 ἧσελήνη,

180 1086 488 1177 σμεταπορθμεύει
507 1093 553 1170 εἰς
576 1084 791 1178 ἀπηλιώτην,
822 1097 877 1160 καὶ
909 1084 1021 1172 οὕτως
1043 1085 1253 1178 α’πὸκρουσιν
1273 1108 1436 1173 ποιεῖται,
1464 1095 1529 1160 τοῦ

216 1184 322 1276 γόμου
355 1190 624 1277 ἐλαφρυνομένη·
659 1195 716 1259 καὶ
748 1182 839 1260 οὕτω
871 1199 998 1279 πληροῖ
1030 1189 1071 1261 τὸ
1106 1200 1297 1278 πορθμεῖον
1336 1197 1392 1261 καὶ
1422 1186 1529 1261 πάλιν

215 1284 387 1377 δπογσμοῖ
415 1283 641 1377 δνιμονμένανν
671 1283 738 1358 ὑπὸ
770 1296 843 1360 τῶν
871 1286 988 1361 κάδων
1018 1296 1092 1360 τών
1121 1296 1254 1376 ψυχῶν,
1292 1287 1385 1377 ἄχρις
1416 1280 1457 1360 οὗ
1488 1286 1528 1359 τὸ

216 1392 304 1458 ἴδιον
326 1383 433 1457 αὐτοῦ
453 1392 555 1474 μέρος
576 1385 677 1457 σώσει
705 1392 765 1476 τῆς
791 1394 909 1479 ψυχῆς.
953 1395 1014 1478 τῆς
1044 1387 1107 1477 γὰρ
1138 1394 1202 1459 τοῦ
1233 1383 1366 1478 ἇγαθοῦ
1395 1385 1565 1477 πατρδςῖ

217 1483 332 1570 οὖσίας
361 1492 475 1558 πᾶσαν
502 1486 616 1577 ψυχὴν
641 1492 697 1557 καὶ
719 1493 791 1559 πᾶν
812 1487 1013 1576 κινούμενον
1036 1495 1127 1575 ζῶον
1156 1493 1307 1577 μετέχειν
1328 1494 1425 1578 λέγει.
1467 1494 1529 1577 τῆς

165 1602 200 1657 10
217 1578 278 1659 οὖν
309 1582 451 1676 σελήνης
481 1585 721 1675 μεταδιδούσης
752 1585 815 1659 τὸν
846 1583 953 1677 γόμον
983 1595 1058 1660 τῶν
1087 1594 1208 1676 ψυχῶν
1238 1606 1311 1671 τοῖς
1340 1593 1440 1659 αἰώσι
1466 1594 1530 1660 τοῦ

217 1683 362 1775 πατρός,
393 1692 645 1774 παραμένουσιν
675 1690 713 1757 ἐν
743 1693 793 1775 τῷ
826 1685 939 1777 στόλῳ
963 1694 1024 1776 τῆς
1046 1685 1160 1778 δόξης,
1189 1682 1226 1770 ὃς
1247 1697 1400 1759 καλεῖται
1422 1682 1529 1776 ἆὴρδ

219 1793 353 1869 τέλειος.
397 1781 416 1856 δ
444 1792 480 1856 δὲ
501 1782 566 1875 ἀὴρ
594 1777 696 1867 οὗτος
726 1785 849 1867 στύλος
878 1789 948 1856 ἐστὶ
979 1783 1110 1873 φωτός,
1142 1787 1256 1876 ἐπειδὴ
1288 1794 1376 1876 γέμει
1407 1793 1529 1874 ψυχῶν

219 1893 292 1957 τῶν
314 1890 606 1974 καθαριζομὲνων.
648 1878 734 1973 αὕτη
757 1890 850 1956 ἐστὶν
871 1881 891 1974 ἦ
915 1889 1014 1967 αἰτία,
1038 1882 1083 1957 δι’
1108 1879 1146 1975 ἧς
1168 1889 1202 1957 αὶ
1224 1893 1326 1974 ψυχαὶ
1349 1886 1529 1972 σώζονται.

301 1990 346 2056 III
368 1989 525 2073 (XXVII).
560 1981 601 2054 ‘H
627 1990 663 2055 δὲ
685 1991 749 2056 τοῦ
775 1982 967 2057 ἀποθανεῖν
993 1986 1074 2067 τούς
1101 1983 1310 2074 ἀνθρώπους
1331 1989 1402 2057 ἐστὶ
1423 1982 1530 2057 πάλιν

167 2102 201 2153 15
219 2078 317 2174 αὕτη·
350 2090 522 2174 παρθένος
554 2113 604 2167 τις
635 2081 744 2172 ώραῖα
765 2089 1012 2173 κεκοσμημένη,
1042 2085 1173 2174 πιθανὴ
1197 2081 1302 2169 πάνυ,
1334 2091 1440 2156 συλᾶν
1462 2088 1530 2155 ἐπι-

218 2263 306 2306 mens
327 2246 444 2325 purgat
465 2244 497 2303 et
517 2240 611 2305 lunae
632 2241 737 2316 tradit,
760 2241 857 2305 etita
878 2240 1058 2325 adinpletur
1078 2242 1173 2306 Iunae
1195 2240 1308 2316 disens,
1329 2243 1386 2326 qui
1405 2241 1529 2306 anobis

218 2342 262 2405 ita
283 2340 467 2424 appellatur.
503 2338 608 2405 Nares
631 2340 714 2405 enim
736 2339 787 2405 vel
809 2341 1026 2405 translatorias
1048 2342 1176 2406 cumbas
1199 2358 1266 2405 esse
1288 2340 1366 2406 dIeit
1387 2343 1450 2407 due
1469 2343 1567 2408 istst

217 2440 393 2519 luminaria,
416 2444 448 2504 et
469 2461 542 2505 eum
556 2439 677 2524 repleta
698 2440 794 2505 fuerit
808 2426 893 2519 Iuna,
914 2441 1118 2505 transfretare
1133 2444 1252 2505 animas
1267 2443 1307 2504 ad
1327 2440 1531 2506 subsolanam

218 2544 350 2623 partem,
373 2540 464 2605 etita
481 2540 657 2623 προστασία,
679 2539 910 2617 detrimentum,
932 2541 1044 2619 faeere,
1066 2561 1138 2605 eum
1153 2560 1248 2605 onere
1262 2540 1360 2605 fuerit
1380 2540 1530 2615 relevata;

166 2649 201 2702 20
219 2645 250 2704 et
270 2640 384 2705 iterum
398 2638 514 2722 repleri
534 2640 664 2704 cumbas
686 2643 719 2703 et
739 2661 847 2704 rursus
862 2639 1034 2718 exonerari,
1056 2641 1131 2704 dum
1146 2639 1333 2704 hauriuntur
1346 2662 1403 2723 per
1417 2662 1528 2707 urceos

218 2739 353 2818 animae,
380 2760 546 2824 usquequo
575 2743 697 2823 partem
727 2761 817 2804 suam
843 2739 1002 2822 propriam
1028 2738 1141 2803 liberet
1161 2740 1345 2804 animarum.
1388 2739 1437 2804 De
1458 2742 1562 2805 sub-t

214 2837 334 2918 ¹stantia
363 2842 469 2902 eutem
498 2838 575 2904 boni
605 2838 704 2921 patris
736 2860 861 2904 onmem
893 2838 1029 2902 enimam
1059 2842 1155 2922 atque
1185 2860 1277 2903 omne
1304 2839 1420 2904 animal
1443 2843 1529 2924 qued

218 2942 363 3004 movetur
391 2942 512 3020 partem
542 2939 665 3003 trahere
695 2938 869 3002 confirmat
911 2936 991 3003 Cum
1021 2937 1119 3021 igitur
1139 2937 1216 3002 luna
1237 2960 1316 3004 onus
1339 2941 1425 3023 quod
1447 2939 1530 3024 gerit

220 3039 396 3102 animarum
418 3036 552 3101 saeculis
573 3037 739 3101 tradiderit
760 3037 866 3120 patris,
887 3041 1073 3120 permanent
1093 3036 1149 3101 illa
1174 3039 1207 3102 in
1229 3036 1378 3104 columna
1398 3039 1528 3123 gloriae,

167 3146 202 3199 ‘25
221 3140 307 3221 quod
328 3140 458 3202 voratur
479 3136 527 3201 vir
547 3137 713 3221 perfeetus.
756 3136 819 3202 Hie
840 3141 946 3201 autem
970 3137 1019 3201 vir
1045 3141 1093 3201 est
1114 3136 1261 3203 eelnmna
1285 3138 1378 3217 lueis;
1410 3139 1529 3223 repleta

221 3241 269 3301 est
290 3236 373 3301 enim
395 3235 571 3300 animarum
593 3239 792 3316 mundarum,
815 3241 847 3301 et
867 3237 945 3301 haee
967 3241 1015 3301 est
1036 3258 1130 3301 eausa
1150 3236 1261 3302 salutis
1284 3237 1467 3303 animarum.

304 3334 357 3401 IX.
378 3334 492 3400 Mortis
513 3356 587 3401 vero
609 3357 704 3402 eausa
725 3336 906 3401 hominibus
932 3341 980 3401 eet
1009 3336 1082 3400 ista:
1120 3335 1219 3421 Virgo
1241 3339 1396 3420 quaedam
1417 3340 1530 3403 deeora

222 3440 254 3502 et
274 3439 435 3513 aromata,
466 3432 592 3518 elegans
615 3435 718 3515 valde,
749 3436 833 3502 furto
861 3435 981 3518 adpetit
1002 3434 1160 3518 principes
1190 3435 1247 3519 qni
1276 3439 1351 3500 sunt
1370 3436 1404 3500 in
1427 3438 1530 3502 firma-

306 3583 390 3638 aen
404 3582 463 3637 uns
479 3583 579 3653 nprpt.

308 3703 323 3756 l
351 3698 465 3772 ταύτας]
490 3699 606 3768 rainere
635 3704 728 3758 Oetler
758 3706 763 3770 Ι
796 3705 814 3758 e
842 3697 926 3772 οθτινΙ
952 3720 983 3758 rc.
1003 3721 1023 3758 e.
1041 3705 1096 3758 eet.
1124 3703 1165 3757 Ias
1190 3703 1238 3757 der
1266 3690 1421 3759 Udersetxer
1446 3703 1532 3761 πάλιν

222 3777 315 3852 (αὖθις
336 3785 439 3854 Oetler)
472 3788 476 3855 Ι
520 3788 558 3843 14
585 3789 645 3859 τοῦ]
663 3788 801 3856 Petraeites,
827 3786 901 3843 th
927 3789 932 3853 Ι
967 3789 1004 3843 le
1020 3789 1156 3844 tradetd
1190 3789 1195 3856 Ι
1234 3788 1333 3857 disens]
1352 3790 1488 3845 discurens
1506 3792 1530 3843 A

222 3875 225 3938 Ι
255 3871 344 3940 nobis]
362 3870 441 3924 nanis
459 3872 493 3924 M
524 3875 529 3940 Ι
567 3874 601 3929 lt
623 3872 746 3941 cumbae]
764 3889 790 3928 α.
808 3872 883 3937 Res,
903 3872 1015 3940 cymbas
1032 3873 1243 3941 dementem
1277 3875 1282 3941 Ι
1319 3872 1532 3945 181αιαίαονίε]

221 3956 271 4009 dne
288 3960 356 4009 erate
381 3954 392 4008 i
414 3972 467 4009 eus
489 3974 507 4010 a
529 3974 598 4012 ναν.
622 3959 647 4011 Α
679 3959 683 4024 Ι
715 3957 830 4028 impleta
851 3956 886 4010 M.
913 3959 918 4025 Ι
949 3955 1044 4011 lunam
1064 3959 1089 4011 A
1130 3959 1134 4024 Ι
1175 3958 1338 4012 transfetare
1355 3959 1381 4011 Α
1413 3961 1417 4026 Ι
1449 3959 1532 4029 ade

221 4057 274 4093 aus
296 4039 381 4106 Corn,
398 4040 530 4094 νιεδῖείολιῖ
547 4058 599 4095 ονε
616 4043 635 4096 b
652 4058 722 4097 σοιν.
742 4044 766 4094 Α
799 4043 803 4104 Ι
838 4041 876 4098 lt)
903 4040 1039 4110 apocrisin
1060 4041 1251 4112 Oapeerysim
1269 4041 1304 4095 Μ
1331 4043 1337 4109 Ι
1369 4042 1468 4112 faeere]
1486 4060 1532 4114 pa·

221 4125 290 4179 tItnr
312 4125 335 4180 0
354 4126 368 4191 .Ι
400 4126 493 4193 onere]
521 4126 625 4181 honere
648 4128 672 4179 A
705 4129 709 4195 Ι
741 4126 906 4181 reuelataA
933 4126 1028 4182 leuata
1045 4127 1079 4180 Μ
1107 4126 1112 4194 Ι
1145 4124 1185 4181 20
1213 4125 1334 4194 cumbas]
1363 4126 1537 4182 enmbamO

222 4210 336 4277 cymbas
354 4210 388 4263 M
401 4210 452 4264 dea
469 4228 488 4279 y
504 4226 543 4263 κα
560 4228 578 4264 n
595 4212 735 4266 emend
750 4230 768 4280 γ
786 4210 995 4278 ιἰθενμιεοῖι.δδ2
1018 4213 1022 4277 Ι
1048 4227 1156 4265 rursum
1174 4211 1199 4263 Α
1223 4210 1227 4276 Ι
1256 4209 1360 4279 nreeee]
1378 4210 1428 4263 das
1446 4229 1463 4266 ο
1480 4229 1533 4266 ονε

221 4313 239 4349 n
258 4312 327 4349 serr.
346 4295 371 4348 A
403 4298 407 4361 Ι
441 4295 478 4350 21
499 4294 661 4364 animarum]
679 4300 730 4363 τῆς
746 4298 839 4365 ψυχῆς
856 4295 1034 4366 Epiphanius
1066 4297 1070 4364 Ι
1103 4292 1286 4349 substantiam
1304 4295 1330 4347 A
1362 4294 1366 4363 Ι
1397 4295 1434 4351 28
1459 4296 1533 4365 quod

222 4378 303 4451 gent]
321 4378 386 4446 setlt
403 4379 446 4433 bei
464 4379 642 4448 Epiphanius
665 4382 670 4449 Ι
700 4380 900 4450 aspernare
911 4380 945 4434 M
964 4380 969 4447 Ι
992 4379 1052 4450 IIIa]
1071 4379 1172 4433 temeti
1189 4379 1250 4432 edelr
1267 4380 1323 4446 aus
1335 4378 1453 4445 saecula,
1471 4381 1533 4435 riet-

183 4515 188 4525 ,
224 4463 304 4517 leiedt
320 4464 366 4517 ein
383 4463 488 4517 Irrturn
510 4465 554 4518 des
579 4451 758 4527 IIberseteer83
780 4462 847 4518 iIIae
862 4464 988 4532 ᾗιοομαδ
1014 4465 1019 4531 Ι
1048 4464 1087 4520 25
1105 4462 1157 4532 vir]
1175 4463 1224 4517 der
1243 4451 1399 4517 {thersam
1413 4464 1461 4518 Iret
1479 4463 1534 4535 οάΙρ

224 4548 280 4601 ανδ
297 4544 369 4620 ἀνήρ
386 4549 550 4602 eerweeteelt
573 4550 577 4615 Ι
604 4550 644 4604 26
662 4549 815 4603 animarum
834 4548 999 4603 mundarum
1016 4568 1052 4597 ω
1068 4548 1091 4604 0
1107 4549 1140 4603 III
1159 4550 1164 4617 Ι
1192 4549 1228 4604 st
1250 4547 1346 4604 mortis
1365 4591 1372 4604 .
1390 4591 1397 4604 .
1416 4591 1422 4604 .
1441 4550 1533 4619 ennea]

222 4649 248 4688 α,
266 4632 333 4687 Rae.
350 4650 382 4687 ιο.
400 4650 421 4688 e.
439 4633 494 4688 aet.
513 4632 547 4685 M
576 4634 580 4701 Ι
609 4632 765 4689 hominibus
783 4635 826 4687 est
842 4653 877 4682 ω
896 4634 920 4685 A
953 4633 957 4699 Ι
988 4632 1051 4702 ista]
1070 4629 1155 4688 πάλιν
1174 4626 1243 4701 adep
1261 4632 1441 4701 Epiphanius
1464 4634 1469 4701 Ι
1494 4634 1533 4689 28

222 4715 262 4786 etl
279 4733 331 4770 αιιε
353 4717 427 4772 (ἶνιν.
448 4720 470 4770 Λ
495 4719 499 4784 Ι
526 4717 601 4774 suite
619 4761 625 4773 .
645 4760 651 4773 .
670 4761 676 4773 .
694 4716 839 4789 prinsipes]
856 4717 925 4785 μνία
950 4705 1132 4786 Udersetrunp
1164 4720 1168 4784 Ι
1201 4716 1306 4787 appetit
1328 4716 1487 4787 Cappetiit
1504 4719 1539 4773 M
