3726 5568
333 531 373 594 58
900 519 1083 591 Hegemonim

332 696 448 756 venient
473 696 508 755 in
528 698 650 758 nomine
670 715 735 756 nno
757 697 897 756 amentes:
927 696 991 771 Epo
1022 713 1091 754 sam
1120 694 1272 768 Christum
1301 700 1329 753 et
1355 694 1467 754 maltos
1498 695 1643 754 seducant

337 796 475 866 Quodsi
500 797 590 856 etiam
610 797 723 876 alianis
751 796 833 856 nobis
853 795 973 869 dixerit,
1003 796 1077 855 ane
1105 795 1153 854 hie
1180 798 1223 853 est
1247 794 1400 868 Christus,
1431 799 1486 853 ant
1514 812 1573 854 ecoe
1593 793 1644 865 ibi,

335 897 424 957 nolite
444 897 562 957 medere.
605 898 759 972 Enarpent
788 897 869 955 enim
898 896 972 971 salsi
995 894 1110 954 Chresti
1137 899 1163 954 et
1191 893 1266 969 salsi
1285 894 1411 970 apostoli
1436 899 1462 953 et
1481 894 1556 969 salsi
1571 902 1678 970 pro-l

333 997 449 1073 phetae,
470 1002 496 1055 et
516 997 628 1056 dabant
648 998 735 1072 sipna
755 1014 866 1072 mapna
887 1001 914 1055 et
931 994 1083 1072 prodima,
1114 995 1158 1053 ita
1178 999 1213 1052 at
1234 993 1270 1053 in
1290 1012 1418 1054 ararem
1438 993 1593 1068 inducant,
1615 994 1645 1052 si

301 1101 427 1173 apotest
447 1097 528 1172 pieni,
559 1096 648 1156 ettam
668 1098 776 1156 etatis.
819 1096 892 1155 Eece
907 1094 1048 1171 praeditet
1066 1093 1156 1154 nobie.
1201 1092 1237 1153 st
1257 1093 1386 1153 deaaint
1405 1093 1499 1167 eoba,
1529 1111 1590 1152 eece
1610 1093 1645 1152 in

335 1198 445 1256 deserta
466 1204 521 1270 est,
549 1196 638 1256 nolite
659 1196 745 1255 enine.
789 1193 825 1254 a·
845 1194 974 1254 deaeiint
993 1193 1083 1261 uobis,
1105 1195 1140 1253 in
1158 1193 1395 1270 penetrabilibus,
1416 1193 1506 1253 nolite
1525 1192 1644 1252 aedae.

336 1291 379 1357 Et
400 1296 472 1374 post
492 1293 553 1356 ista
584 1291 690 1357 omnia
715 1293 863 1354 mandata
888 1291 949 1354 iste
970 1311 1029 1354 nee
1049 1288 1175 1373 signum
1198 1288 1325 1372 quidem
1347 1286 1477 1371 aliquod
1498 1291 1554 1351 aut
1574 1307 1683 1370 pro-s

337 1390 459 1475 digium
485 1390 587 1455 ullum
617 1392 783 1456 ostendens
814 1411 915 1474 neque
937 1389 1132 1453 adfinitatem
1155 1388 1296 1472 aliquam
1316 1389 1448 1466 habens,
1476 1388 1532 1451 sed
1552 1408 1592 1449 ne
1613 1386 1645 1449 in

336 1512 468 1555 numero
491 1490 617 1574 quidem
640 1490 866 1574 discipulorum
887 1491 1010 1572 positus
1036 1508 1139 1572 neque
1164 1489 1313 1553 defuneto
1340 1492 1447 1552 nostro
1470 1486 1647 1565 obsecutus,

287 1603 320 1656 10
338 1591 426 1656 euius
451 1589 620 1655 hereditate
643 1593 828 1673 gaudemus,
851 1611 923 1653 cum
944 1611 1046 1673 neque
1069 1590 1098 1653 ei
1110 1587 1275 1671 languenti
1293 1587 1457 1664 adstiterit,
1479 1608 1542 1650 non
1556 1585 1647 1651 testis

338 1690 477 1755 extiterit
507 1690 698 1768 testamenti,
729 1690 827 1754 immo
849 1688 955 1773 potius
986 1710 1058 1753 eum
1088 1712 1127 1754 ne
1156 1688 1190 1752 in
1210 1688 1356 1752 notitiam
1378 1687 1506 1769 quidem
1527 1685 1649 1751 venerit

339 1812 461 1869 eornm,
493 1789 549 1875 qui
579 1789 722 1855 obsecuti
751 1793 826 1853 sunt
855 1789 1046 1873 aegrotanti3
1076 1792 1236 1871 postremo
1268 1809 1339 1852 cum
1370 1785 1488 1851 nullius
1518 1806 1684 1869 prorsusa

339 1890 474 1974 accipiat
495 1890 719 1968 testimonium,
740 1887 933 1972 paracletum
955 1910 988 1952 se
1010 1909 1078 1952 esse
1100 1886 1168 1951 vult
1187 1887 1284 1953 credi:
1307 1886 1491 1952 nemetiam
1511 1885 1538 1950 si
1557 1884 1649 1970 signa

340 1995 372 2056 et
393 1990 538 2075 prodigia
564 1989 695 2067 iaceres,
722 1987 838 2054 falsum
861 1986 1021 2053 Christum
1047 1990 1079 2051 et
1104 1986 1219 2051 falsum
1244 1987 1430 2070 prophetam
1456 1989 1488 2050 10
1509 1984 1648 2068 reputari

289 2101 322 2154 15
340 2093 501 2174 oporteret
521 2092 693 2154 secundum
721 2090 905 2172 scripturam
932 2091 964 2152 et
989 2087 1060 2152 ideo
1083 2087 1232 2152 convenit
1252 2108 1310 2151 nos
1332 2086 1455 2151 cautius
1476 2104 1583 2169 agere,
1604 2106 1650 2149 se

340 2193 477 2255 eundum
493 2193 578 2274 quod
592 2192 704 2254 beatus
719 2188 881 2272 apostolus
899 2192 1015 2266 monet,
1037 2187 1143 2251 dicens
1158 2186 1192 2250 in
1206 2184 1342 2269 epistula
1357 2184 1484 2270 (quam)
1500 2182 1649 2249 Oolosen-

340 2291 427 2356 sibus
453 2290 591 2373 scripsit:
623 2295 796 2353 Permaneto
816 2293 851 2351 in
880 2292 939 2368 fide
967 2291 1087 2366 fundati
1115 2297 1141 2350 et
1170 2291 1296 2350 radicati
1321 2296 1349 2349 et
1367 2289 1523 2349 inmobiles
1543 2290 1579 2348 ab
1600 2308 1650 2365 epe
1670 2301 1709 2356 lo

341 2394 489 2471 enanpclii
502 2395 582 2470 qaod
602 2393 783 2464 audivimas,
806 2393 885 2469 qaod
899 2390 1105 2468 praedicatam
1126 2391 1222 2450 estin
1244 2390 1330 2450 omni
1348 2396 1481 2449 aeatara
1499 2407 1575 2466 qaae
1594 2388 1651 2448 stit

340 2494 417 2554 eaelo
439 2499 488 2554 est.
531 2487 574 2552 Et
596 2511 733 2554 rursum:
757 2492 840 2553 Sient
861 2509 930 2567 erpo
951 2491 1102 2567 aecepntis
1126 2490 1280 2550 Christum
1300 2490 1401 2550 lesam
1422 2489 1596 2561 dominnm,
1616 2488 1651 2547 in

289 2594 324 2649 20
340 2594 405 2671 ipso
427 2592 582 2668 ambulate,
604 2594 731 2653 eminati
751 2597 777 2653 et
797 2591 921 2667 fundati
940 2609 1030 2667 saper
1049 2590 1166 2666 apaan,
1191 2590 1364 2666 eonfinnati
1384 2589 1443 2666 fide
1462 2590 1542 2648 sient
1562 2588 1652 2649 edocti

340 2697 423 2768 estis,
452 2693 635 2753 mandantes
660 2693 696 2752 in
719 2692 887 2770 prationem
913 2691 1034 2750 anione.
1082 2689 1178 2749 Videte
1206 2709 1244 2749 ne
1273 2690 1340 2766 qais
1369 2707 1422 2749 aas
1451 2688 1574 2765 enpaliet
1596 2706 1655 2764 per

339 2793 561 2871 philosophiam
581 2800 609 2854 et
628 2795 751 2853 inanem
766 2791 963 2852 emathoicam
977 2790 1141 2851 amandam
1157 2789 1345 2849 aaditimam
1359 2789 1527 2863 hominnm,
1547 2806 1653 2847 saan-

342 2893 415 2953 dnm
435 2895 575 2953 elementa
604 2892 721 2967 mnndi,
750 2898 778 2951 et
805 2909 869 2951 nan
897 2891 1062 2951 secmidam
1087 2889 1255 2962 Christum,
1286 2889 1359 2965 qaia
1388 2888 1423 2948 in
1452 2889 1518 2965 ipso
1543 2886 1654 2947 habitat

342 2993 442 3053 omnis
461 2993 614 3070 plenitudo
636 2992 761 3052 deitatis.
798 2984 919 3062 Quibus
939 2985 1085 3050 omnibus
1106 2984 1152 3048 its
1173 2983 1342 3066 diligenter
1364 2983 1522 3066 expositis,
1543 2985 1654 3048 beatiss
1672 2998 1707 3052 11

292 3099 325 3154 25
344 3087 507 3172 apostolus
529 3087 617 3152 velut
636 3091 727 3170 pater
747 3085 822 3150 filiis
844 3086 932 3149 addit
953 3090 1116 3168 tamquam
1142 3084 1340 3167 signaculum
1371 3085 1531 3167 quoddam
1557 3086 1652 3146 testa·

343 3187 442 3253 menti
463 3187 583 3252 dicens:
608 3191 762 3252 &namen
782 3191 894 3251 bonnm
911 3190 1025 3263 mani,
1046 3189 1159 3248 circam
1179 3188 1310 3263 menni,
1331 3188 1423 3265 fidem
1443 3187 1565 3247 semaei.
1608 3185 1653 3245 De

342 3299 432 3353 cetero
453 3294 581 3370 reposita
601 3296 644 3351 eet
665 3291 738 3350 mihi
757 3291 889 3350 institiae
910 3308 1027 3364 amaria
1049 3307 1141 3366 qnam
1163 3288 1260 3348 radat
1281 3287 1523 3348 mihilominus
1543 3286 1579 3346 in
1600 3284 1654 3344 illa

343 3394 389 3452 di'e
410 3394 513 3453 instas
533 3393 635 3464 itidem
664 3410 728 3451 non
748 3392 848 3451 solnm
868 3396 967 3449 anam
988 3389 1074 3463 mihi,
1101 3389 1152 3449 sed
1171 3395 1199 3447 et
1217 3388 1357 3448 omnbus
1378 3387 1432 3465 qai
1452 3386 1582 3462 dilipant
1601 3385 1653 3443 ad·

292 3596 326 3651 30
341 3499 670 3668 vmmlllielllllXVl).
707 3584 842 3650 Nullum
863 3607 901 3649 ex
923 3585 1027 3664 nobis,
1055 3606 1074 3649 o
1097 3582 1216 3662 Manes,
1238 3582 1382 3648 Galatam
1404 3581 1510 3660 iacies,
1531 3583 1568 3643 ut
1590 3579 1653 3643 aito

343 3709 401 3753 nos
422 3687 594 3752 transferas
616 3685 711 3750 afide
727 3683 851 3750 Christi.
886 3684 993 3748 Etiam
1017 3684 1044 3746 si
1059 3683 1150 3766 signa
1171 3687 1203 3747 et
1223 3682 1369 3766 prodigia
1390 3680 1496 3760 iacias,
1518 3678 1654 3744 etiamsi

428 3821 447 3875 2
465 3819 565 3874 naith.
584 3820 625 3883 24,
643 3819 752 3883 23-26,
772 3817 819 3885 rpl.
838 3816 927 3871 Mark.
947 3819 986 3880 13,
1005 3816 1067 3871 21ff
1081 3847 1114 3855 -
1134 3817 1169 3870 lt
1190 3814 1252 3871 Kol.
1271 3818 1294 3876 1.
1312 3816 1397 3869 23-
1416 3815 1454 3870 le
1472 3812 1572 3879 11012,
1586 3813 1655 3868 6-9

344 3938 376 3946 -
396 3908 435 3962 26
452 3906 480 3959 II
497 3904 567 3959 Tim.
584 3908 609 3970 4,
628 3906 651 3958 t.
670 3905 687 3959 8

433 4023 487 4079 ΟΜ

430 4128 447 4182 2
478 4124 579 4195 aliquis
601 4122 680 4179 vobis
697 4141 733 4173 ω
750 4122 785 4177 Μ
815 4123 820 4190 1
857 4124 875 4177 d
906 4122 1066 4193 prophetae]
1089 4121 1233 4190 clamitat
1258 4139 1284 4175 a.
1303 4120 1369 4175 llas.
1396 4135 1449 4173 von
1473 4134 1521 4171 sau
1542 4115 1656 4173 Baahst.

349 4212 372 4267 O
400 4214 405 4280 Ι
437 4209 553 4267 duobis
571 4219 604 4270 <
622 4210 656 4263 Μ
684 4211 689 4277 Ι
724 4210 738 4264 l
768 4206 887 4278 signum]
908 4207 987 4278 signo
1009 4207 1064 4263 OM
1092 4210 1096 4274 l
1130 4208 1148 4263 8
1176 4206 1274 4275 ullum]
1293 4203 1447 4260 nullumO
1476 4204 1480 4270 Ι
1515 4203 1553 4258 10
1571 4199 1656 4256 adsti-

345 4297 419 4365 terit]
440 4295 584 4351 adsteterit
599 4312 652 4350 ain
679 4293 715 4348 ad
733 4292 842 4348 stcserit
862 4310 894 4347 w.
912 4312 934 4347 e.
951 4292 1007 4350 seh.
1025 4310 1094 4347 corr.
1116 4292 1155 4348 0²
1182 4290 1302 4346 astiterit
1320 4289 1353 4344 Μ
1381 4291 1386 4355 Ι
1420 4288 1459 4343 le
1486 4286 1577 4357 signa]
1603 4301 1656 4339 aas

346 4383 454 4453 signam
470 4399 540 4438 carr.
554 4381 610 4449 0²1
627 4380 666 4437 14
679 4379 797 4447 1000100]
817 4380 921 4434 faceret
938 4379 973 4434 Μ
992 4382 997 4446 Ι
1023 4380 1060 4434 lt
1078 4376 1151 4431 nath
1168 4376 1287 4447 epistula
1305 4382 1337 4439 1-
1355 4392 1439 4444 qnam
1456 4369 1598 4439 azani}
1615 4369 1656 4425 uo

344 4468 413 4540 ipso]
430 4468 521 4538 ipsum
542 4466 565 4521 0
585 4467 590 4533 l
614 4466 689 4522 docti
711 4465 734 4521 0
757 4467 762 4533 Ι
786 4464 823 4520 21
843 4464 915 4518 inach
933 4462 1055 4534 expoliat
1073 4470 1105 4525 -1-
1123 4460 1240 4526 01010,
1258 4461 1308 4515 dna
1325 4463 1393 4514 erate
1410 4460 1440 4512 01
1456 4453 1657 4526 spannia·

345 4549 464 4604 strichen
495 4553 500 4617 Ι
533 4551 570 4606 22
597 4550 748 4606 seeundum
767 4592 772 4603 .
792 4591 798 4602 .
817 4548 959 4603 hominnm
985 4557 1019 4608 <
1044 4547 1068 4602 O
1095 4548 1100 4614 Ι
1133 4547 1173 4602 21
1199 4546 1270 4600 nach
1293 4545 1395 4600 certavi
1416 4550 1448 4607 1-
1467 4559 1576 4597 murum
1593 4540 1629 4595 Μ
1652 4540 1657 4609 Ι

347 4636 384 4691 27
409 4634 530 4690 iustitiae
552 4653 654 4692 corana
674 4656 711 4685 ω
733 4635 768 4688 Μ
794 4636 799 4702 Ι
833 4635 872 4689 10
899 4633 1042 4704 galatham
1064 4632 1099 4686 Μ
1126 4634 1130 4701 Ι
1163 4632 1250 4697 total
1279 4633 1311 4685 ut
1337 4628 1393 4684 cito
1419 4645 1470 4684 nos
1496 4625 1656 4694 transieras]

345 4721 413 4777 uicit
430 4739 447 4777 o
465 4723 571 4776 nostras
589 4721 660 4776 teras
681 4722 706 4776 0
