3726 5568
683 521 755 575 nora
771 519 901 575 laneis
917 519 973 574 nx.
991 520 1060 575 nm.
1499 526 1539 590 39

228 704 278 772 est,
298 696 407 756 nostra
427 695 559 773 peccata
579 689 763 772 suscipiens,
794 688 955 773 (propter)
978 692 1064 774 quod
1095 713 1132 754 ex
1162 689 1293 754 muliere
1319 694 1413 753 natos
1439 692 1540 753 estet

228 797 357 875 propter
373 792 457 874 quod
472 793 513 854 ad
526 791 684 872 baptisma
698 791 793 864 venit,
814 795 850 854 ut
865 789 957 853 huius
971 790 1070 872 partis
1089 791 1264 873 perciperet
1278 788 1539 872 purificationem,

227 896 264 956 ut
284 891 439 974 spiritum,
461 891 516 975 qui
538 892 741 955 descenderat
760 889 794 953 in
809 888 913 972 specie
928 887 1102 967 columbae,
1126 911 1239 973 corpus
1259 890 1343 973 quod
1361 892 1540 972 susceperat

228 995 355 1075 portare
375 995 490 1074 posset.

196 1099 212 1151 ὃ
312 1089 382 1154 LXI
404 1087 476 1170 (hl).
520 1087 609 1153 Haec
623 1110 695 1154 cum
711 1088 1037 1165 dixissetdrchelaus,
1059 1089 1230 1153 admiratae
1245 1093 1319 1153 sunt
1333 1089 1444 1153 turbae
1459 1088 1539 1151 veri-

229 1195 327 1254 tatem
349 1189 511 1254 doctrinae
533 1190 600 1254 eius
622 1192 654 1252 et
675 1187 784 1253 laudes
806 1189 835 1252 ei
856 1188 1015 1252 inmensas
1035 1210 1106 1252 cum
1122 1186 1313 1252 clamoribus
1328 1189 1539 1267 reddiderunt,

229 1291 275 1353 ita
295 1294 331 1353 ut
353 1289 439 1353 omni
461 1290 566 1353 studio
589 1291 777 1352 conarentur
802 1286 887 1352 ultra
912 1286 942 1351 ei
968 1308 1030 1351 non
1053 1287 1156 1350 sinere
1181 1289 1222 1350 ad
1242 1288 1371 1371 propria
1392 1309 1539 1351 remeare.

228 1389 272 1453 Et
301 1393 378 1453 tunc
405 1390 532 1472 quidem
564 1389 784 1464 discesserunt
814 1391 924 1469 postea
953 1408 1027 1451 vero
1058 1388 1257 1470 congregatis
1288 1388 1333 1452 eis
1363 1385 1574 1455 Archelaum

229 1489 431 1573 adquiescere
454 1488 514 1551 sibi
535 1492 632 1571 atque
653 1489 761 1552 audire
785 1488 917 1551 verbnm
938 1486 1102 1552 suadebat:
1124 1508 1189 1550 non
1210 1486 1294 1550 enim
1315 1487 1376 1552 soli
1392 1487 1446 1571 qui
1467 1509 1539 1551 cum

178 1600 213 1654 10
230 1587 371 1655 Diodoro
394 1593 484 1652 erant
512 1588 682 1652 audiebant
709 1608 794 1665 eum,
825 1588 879 1651 sed
912 1591 944 1650 et
974 1607 1082 1651 omnes
1104 1586 1295 1669 quicumque
1318 1609 1354 1651 ex
1376 1586 1540 1670 provincia

231 1690 297 1753 eius
327 1690 459 1751 merant
493 1692 588 1771 atque
620 1709 657 1751 ex
687 1686 800 1750 ricinis
830 1685 922 1761 locis;
954 1685 1101 1770 factoque
1131 1685 1271 1763 silentiu,
1301 1688 1362 1752 boc
1383 1689 1478 1751 modo
1501 1687 1539 1749 de

230 1789 323 1853 Mane
344 1789 449 1851 dicere
470 1789 637 1870 adgressus
659 1789 713 1850 est
758 1783 900 1862 Qualiter
922 1786 1050 1868 quidem
1071 1807 1105 1848 se
1130 1786 1244 1850 habeat
1265 1790 1374 1850 nostra
1396 1787 1575 1851 doctrinat

230 1887 361 1951 audistis
380 1891 412 1950 et
433 1887 508 1950 fidei
530 1890 655 1950 nostrae
677 1885 890 1967 experimenta
912 1884 1053 1967 cepistis3
1083 1890 1178 1968 prout
1199 1885 1289 1968 potui
1311 1886 1395 1949 enim
1416 1884 1538 1949 intelle·

229 2007 305 2070 gere
327 1986 498 2068 scripturas
529 2007 635 2050 coram
665 1985 811 2050 omnibus
841 1984 932 2049 vobis
963 1985 1101 2067 exposui
1144 1983 1207 2049 Sed
1236 2006 1321 2049 nunc
1349 1984 1539 2068 paucissima

179 2085 334 2152 reuisere
360 2084 519 2150 volentem
545 2086 696 2167 deprecor
726 2088 762 2148 ut
792 2106 863 2149 cum
892 2083 1018 2148 silentio
1040 2084 1187 2161 audiatis,
1209 2088 1245 2149 ut
1265 2085 1444 2166 agnoscatis
1468 2084 1539 2168 quis

225 2184 272 2250 'sit
293 2189 326 2250 et
346 2187 429 2249 unde
450 2190 484 2249 et
506 2182 607 2268 qualis
633 2185 675 2248 sit
700 2185 760 2249 iste
783 2185 838 2268 qui
859 2170 1013 2277 advenit,l
1025 2185 1107 2248 sicut
1128 2183 1284 2248 Sisinnius
1306 2185 1434 2268 qnidam
1457 2205 1538 2247 unus

230 2307 268 2350 ex
291 2284 460 2349 comitibus
482 2285 549 2348 eius
570 2284 723 2349 indicarit
743 2284 835 2359 mihi,
866 2305 960 2367 quem
991 2284 1086 2347 etiam
1117 2286 1158 2347 ad
1182 2284 1400 2349 testimoninm
1430 2305 1538 2349 eorum

231 2406 312 2468 quae
334 2407 353 2447 a
372 2406 423 2448 me
446 2385 590 2448 dicentur
607 2385 634 2447 si
655 2382 769 2467 placet,
791 2405 904 2448 vocare
925 2387 1053 2466 paratus
1075 2405 1153 2447 sum.
1189 2382 1252 2447 Sed
1266 2404 1305 2447 ne
1328 2384 1395 2466 ipse
1411 2383 1538 2466 quidem
1557 2393 1576 2448 4

230 2485 405 2548 medicare
427 2484 585 2548 recusabit
607 2485 724 2561 eadem,
747 2504 827 2567 quae
848 2504 906 2547 nos
928 2484 1070 2562 dicimus,
1091 2487 1255 2566 praesente
1277 2483 1383 2559 Mane3
1406 2482 1540 2546 credidit

179 2595 213 2649 20
231 2585 315 2648 enim
337 2584 499 2648 doctrinae
523 2588 650 2647 nostrae
676 2584 888 2666 supradictus,
916 2584 999 2647 sicut
1020 2589 1052 2646 et
1073 2585 1155 2665 apud
1177 2605 1228 2646 me
1251 2581 1331 2646 alius
1353 2579 1462 2647 Turbo
1483 2603 1539 2646 no·

230 2684 324 2748 mine.
368 2682 591 2766 Quaecumque
613 2701 689 2765 ergo
711 2683 878 2747 contestati
900 2686 974 2745 sunt
995 2682 1086 2760 mihi,
1108 2685 1162 2747 sed
1185 2688 1217 2747 et
1238 2704 1275 2746 ea
1297 2705 1378 2767 quae
1399 2703 1457 2746 nos
1478 2682 1539 2764 ipsi

231 2783 493 2865 deprehendimus
523 2783 558 2845 in
587 2782 649 2846 hoc
670 2782 751 2855 viro,
780 2803 843 2845 non
875 2781 989 2846 faciam
1020 2780 1117 2846 latere
1149 2784 1373 2848 conscientiam
1395 2787 1538 2845 vestram.

231 2880 321 2946 Tunc
342 2904 416 2946 vero
438 2883 549 2947 turbae
571 2903 608 2946 eo
631 2880 766 2963 amplius
787 2882 937 2945 incitatae
959 2888 1169 2965 congregatae
1191 2884 1326 2946 suntad
1348 2882 1538 2945 audiendum
1557 2890 1575 2944 5

230 2981 435 3057 Archelaum3
457 2982 573 3045 etenim
595 3003 726 3064 eaquae
741 2981 780 3044 ab
796 3003 833 3045 eo
848 2982 1033 3056 dicebantur
1050 2979 1220 3064 plurimam
1235 2983 1279 3047 eis
1295 2980 1537 3046 oblectationem

180 3098 213 3153 25
231 3082 432 3165 praebebant
474 3079 609 3164 Propter
631 3083 716 3164 quud
738 3086 769 3144 et
791 3082 935 3146 certatim
957 3082 1205 3147 adhortabantur
1227 3103 1299 3146 eum
1319 3082 1422 3146 dicere
1445 3102 1539 3164 quae-

232 3203 366 3264 cumque
388 3180 496 3258 vellet,
523 3202 739 3265 quaecumque
765 3183 909 3263 sentiret3
935 3187 1063 3264 paratos
1090 3203 1123 3246 se
1147 3203 1213 3245 esse
1235 3183 1275 3244 ad
1296 3182 1486 3249 audiendum
1508 3187 1539 3243 et

230 3302 330 3364 usque
345 3283 385 3345 ad
400 3302 564 3364 vesperum
579 3302 769 3362 permanere,
791 3282 887 3345 etiam
901 3282 1041 3346 accensis
1056 3279 1274 3357 luminaribus,
1296 3278 1538 3363 pollicebantur:

231 3402 365 3464 quorum
387 3380 587 3444 animositate
608 3380 757 3444 incitatus
779 3379 954 3445 Archelaus
976 3403 1048 3445 cum
1074 3382 1161 3444 omni
1188 3379 1304 3443 fidncia
1324 3380 1428 3442 dicere
1451 3400 1538 3442 exor-

231 3503 283 3545 sus
306 3485 360 3545 est.
398 3479 469 3543 Viri
489 3479 611 3557 iratres,
633 3481 809 3561 superiores
832 3481 960 3564 quidem
983 3502 1093 3544 causas
1115 3480 1236 3544 domini
1256 3480 1319 3542 mei
1341 3477 1412 3542 lesu
1434 3479 1575 3541 audis-6

179 3594 214 3649 30
231 3582 286 3659 tis,
320 3581 390 3645 dico
422 3584 527 3643 autem
550 3601 602 3643 eas
633 3601 713 3662 quae
744 3601 781 3643 ex
811 3579 882 3664 lege
912 3584 944 3643 et
964 3579 1128 3663 prophetis
1149 3579 1343 3659 indicantum
1374 3577 1538 3642 interiores

230 3702 305 3745 vero
327 3680 447 3744 domini
468 3680 531 3743 mei
553 3677 670 3743 Christi
691 3678 762 3743 lesu
784 3678 949 3744 salvatoris
972 3680 1072 3743 nostri
1094 3700 1157 3744 nou
1179 3679 1341 3761 ignoratis.
1385 3678 1447 3742 Sed
1463 3679 1538 3761 quid

231 3780 343 3864 plura?
385 3778 547 3862 Appellati
569 3801 676 3843 sumus
699 3801 737 3843 ex
758 3779 924 3844 salvatoris
947 3780 1102 3844 desiderio
1118 3778 1296 3853 Christiani,
1319 3780 1401 3843 sicut
1416 3779 1538 3842 univer·
1560 3789 1573 3843 7

230 3901 283 3944 sus
304 3879 389 3945 orbis
410 3884 564 3943 terrarum
586 3879 802 3943 testimonium
824 3879 970 3963 perhibet
991 3884 1086 3963 atque
1109 3878 1245 3964 apostoli
1266 3880 1412 3959 educent3
1435 3879 1489 3942 sed
1509 3883 1540 3941 et

318 4092 375 4147 GM

317 4293 473 4364 lpropter]
491 4294 616 4361 Zucupui
655 4299 659 4362 Ι
701 4295 869 4365 4possit0
907 4297 912 4361 Ι
955 4295 1155 4349 lsinerentO
1184 4296 1189 4362 Ι
1223 4295 1260 4350 12
1288 4294 1399 4363 quidem
1417 4311 1446 4349 re
1463 4296 1542 4349 ωΟ

230 4380 234 4447 l
274 4379 313 4435 la
340 4379 431 4449 potuit
459 4379 483 4433 C
511 4380 515 4445 Ι
550 4380 588 4434 15
616 4379 663 4448 qui
693 4381 716 4434 0
745 4384 750 4446 Ι
784 4382 822 4436 le
849 4378 929 4448 unus]
956 4379 1087 4447 Zaraqrri,
1114 4397 1164 4434 nos
1185 4380 1257 4439 0<
1275 4379 1310 4433 M
1340 4380 1345 4447 Ι
1381 4380 1417 4434 17
1446 4378 1539 4447 quem]

230 4465 346 4532 quan
376 4467 380 4529 Ι
414 4464 617 4522 19ιιιο<Μ
645 4465 650 4532 Ι
681 4465 892 4532 recusauitOl
926 4464 1119 4523 24ea<M
1146 4467 1150 4532 Ι
1182 4464 1538 4520 mussitantem

229 4551 318 4604 ciuem
340 4549 402 4603 oder
418 4548 488 4601 arrei
503 4548 660 4605 caetero
689 4552 693 4617 Ι
727 4550 764 4604 27
793 4549 988 4604 luminibusO
1016 4551 1020 4616 Ι
1054 4551 1093 4606 28
1118 4549 1304 4618 animositate]
1332 4566 1385 4602 aaa
1411 4548 1539 4603 animosi·

230 4637 317 4690 tatem
343 4650 412 4688 corr.
439 4634 477 4689 0²
508 4635 513 4701 Ι
547 4635 587 4688 eo
613 4635 669 4704 eas]
697 4652 729 4689 ea
747 4634 781 4687 Μ
809 4637 813 4701 Ι
847 4635 883 4689 81
913 4634 1068 4704 salvatoris]
1094 4634 1229 4703 Zocupai¹
1256 4634 1389 4689 saluatori
1418 4635 1441 4689 0
1465 4632 1539 4687 salu·

229 4719 283 4774 tari
300 4719 335 4774 Μ
