3726 5568
345 561 384 622 62
909 552 1095 624 Hegemonius

345 724 433 789 velut
462 723 625 788 intellectu
656 723 763 807 aliquo
793 723 843 788 usi
873 727 960 801 sunt,
992 723 1047 807 qui
1073 721 1252 787 viderentur
1278 720 1339 788 sibi
1370 743 1494 787 omnem
1524 721 1657 805 scriptu·

346 845 411 888 ram
442 845 535 908 posse
564 822 761 907 intellegere,
798 828 830 888 et
859 823 904 888 ita
932 843 966 886 se
997 824 1143 887 ductores
1178 826 1357 888 statuerunt
1392 822 1446 907 qui
1478 842 1512 885 se
1548 822 1656 886 audin

345 923 533 1001 voluissent3
563 922 670 989 nullus
700 927 805 988 tamen
835 925 977 1007 ipsorum
1006 944 1101 986 ausus
1132 926 1179 986 est
1206 925 1298 987 deum
1330 946 1363 989 se
1392 924 1575 1007 praedicare
1605 923 1692 988 vela

345 1022 506 1089 Christum
537 1023 587 1088 vel
616 1023 809 1107 paracletum
838 1024 922 1088 sicut
946 1022 1018 1101 iste,
1042 1022 1098 1106 qui
1119 1021 1289 1106 aliquando
1312 1023 1440 1107 quidem
1462 1026 1500 1089 de
1522 1023 1656 1089 saeculis

310 1126 499 1207 edisputst,
520 1122 690 1207 aliquando
713 1122 851 1201 desole,
881 1124 1040 1206 quomodo
1063 1123 1146 1187 faeta
1166 1122 1237 1195 sint,
1267 1128 1428 1207 tamquam
1458 1124 1559 1190 maior
1588 1124 1657 1208 ipse

345 1224 387 1288 sit
418 1245 540 1301 eorum3
576 1224 678 1288 omnis
714 1223 797 1287 enirn
833 1222 888 1306 qui
915 1225 953 1287 de
983 1221 1090 1306 aliquo
1121 1224 1251 1307 exponit
1286 1225 1446 1307 quomodo
1477 1223 1580 1288 sactus
1615 1226 1658 1289 sit

345 1323 498 1389 maiorem
519 1345 552 1387 se
580 1328 611 1388 et
632 1322 843 1406 antiquiorem
873 1322 1011 1386 ostendit
1032 1345 1100 1387 esso
1131 1344 1225 1406 quam
1252 1327 1301 1387 est
1326 1322 1380 1387 ille
1410 1325 1449 1387 de
1479 1345 1542 1407 quo
1569 1323 1656 1388 dicit.

345 1420 423 1498 Quis
445 1427 550 1488 autem
572 1425 664 1488 etde
686 1421 861 1487 substantia
883 1421 934 1485 dei
955 1421 1058 1486 dicere
1080 1425 1202 1497 audeat,
1225 1421 1286 1487 nisi
1307 1422 1391 1488 forte
1405 1422 1490 1487 solus
1510 1424 1693 1488 deminuat

346 1526 455 1588 noster
475 1521 563 1588 lesus
585 1521 747 1587 Christus?
785 1542 865 1605 quae
896 1521 1022 1605 quidem
1053 1541 1114 1602 ego
1142 1543 1206 1586 non
1229 1544 1266 1586 ex
1290 1522 1367 1587 meis
1388 1522 1493 1588 verbis
1520 1525 1657 1601 adstmo,

295 1632 329 1686 10
346 1626 401 1688 sed
417 1623 591 1706 scripturae
606 1644 686 1705 qnae
701 1644 759 1686 nos
775 1620 901 1686 edocuit
923 1621 1110 1686 anctoritate
1126 1622 1291 1698 confirm03
1316 1622 1465 1706 quoniam
1481 1623 1609 1706 quidem
1626 1627 1658 1685 et

346 1722 510 1807 apostolus
527 1723 604 1787 dicit
617 1724 657 1786 ad
671 1743 742 1787 noe:
769 1725 807 1785 Ut
818 1725 886 1785 sitis
899 1726 977 1785 sient
992 1726 1158 1787 terminer-eh
1174 1727 1211 1786 e‘n
1231 1727 1284 1786 hee
1304 1727 1425 1799 mondo,
1446 1726 1569 1786 verbane
1581 1727 1659 1786 ettae

346 1828 527 1887 continentes
541 1827 580 1887 ad
591 1826 719 1904 ebriam
733 1825 811 1885 metri
823 1826 859 1884 tn
872 1825 951 1885 diem
968 1825 1090 1899 Christi,
1112 1828 1257 1904 qnoniam
1270 1846 1333 1887 non
1347 1828 1381 1886 in
1394 1845 1522 1886 omnam
1536 1828 1659 1886 oncant

346 1946 398 1987 neo
410 1927 446 1986 e'n
461 1945 590 1987 sucnnm
606 1927 743 1986 laborent.
770 1919 955 2003 intellegere
976 1921 1127 1985 debemus
1143 1944 1223 2005 quae
1237 1922 1280 1986 sit
1294 1923 1340 1985 vis
1363 1920 1489 1987 stratio
1504 1922 1657 1987 sermonis
1675 1921 1694 1976 4

347 2024 454 2099 huius3
465 2024 593 2119 verbum
605 2023 689 2086 enim
699 2020 787 2086 ducis
797 2020 920 2085 obtinet
928 2020 1041 2100 locum,
1051 2044 1147 2105 opera
1156 2043 1230 2086 vero
1239 2022 1330 2105 regis.
1353 2020 1527 2105 Sicutergo
1542 2021 1658 2105 aliquis

295 2130 328 2183 15
346 2124 415 2207 regi
442 2143 499 2187 suo
522 2121 703 2186 adventanti
730 2141 839 2185 omnes
870 2120 925 2204 qui
950 2123 1009 2185 sub
1036 2143 1111 2186 cura
1132 2144 1188 2185 sua
1209 2125 1284 2185 sunt
1313 2124 1419 2186 studet
1447 2121 1658 2201 oboedientes,

348 2228 475 2305 paratos
506 2226 538 2286 et
567 2240 657 2285 caros
677 2218 856 2303 hilaresque
879 2222 1043 2285 ostendere
1064 2242 1102 2285 ac
1123 2224 1254 2286 devotos
1276 2223 1331 2286 sed
1353 2221 1446 2285 etiam
1474 2221 1658 2286 innocentes

346 2344 383 2386 ac
405 2321 497 2387 bonis
519 2319 666 2385 omnibus
687 2320 896 2395 abundantes,
926 2324 962 2383 ut
991 2320 1059 2402 ipse
1089 2319 1214 2384 laudem
1242 2324 1451 2406 consequatur
1476 2343 1495 2383 a
1520 2340 1594 2405 rege
1627 2320 1659 2385 et

346 2422 465 2486 maiore
487 2421 527 2484 ab
551 2442 587 2484 eo
609 2419 728 2484 honore
751 2416 864 2501 dignus
891 2418 1054 2499 habeatur,
1081 2424 1243 2503 tamquam
1269 2420 1349 2487 bene
1376 2421 1551 2502 gubernata
1577 2442 1659 2504 quae

346 2520 408 2585 sibi
430 2524 479 2585 est
498 2519 666 2585 commissa
686 2517 862 2602 provincia,
882 2517 928 2581 ita
950 2522 981 2581 et
1002 2518 1113 2584 beatus
1134 2518 1253 2585 Paulus
1275 2518 1352 2582 dicit
1373 2521 1413 2582 ad
1434 2543 1505 2586 nos:
1532 2525 1568 2585 Ut
1590 2520 1694 2585 strat

294 2632 329 2687 20
345 2627 424 2686 vetat
446 2623 612 2684 luminaria
631 2623 667 2682 tn
687 2622 884 2697 boemundo,
905 2623 1028 2682 enham
1048 2624 1125 2683 rn'tse
1144 2624 1325 2684 animas
1350 2624 1390 2682 au
1408 2623 1537 2699 ebreum
1558 2625 1659 2701 ipsius

345 2727 382 2785 a'n
411 2725 490 2785 diem
524 2722 647 2783 Chr-istri
689 2716 817 2782 Scilicet
847 2739 910 2801 quo
942 2717 1089 2784 dominus
1119 2723 1227 2784 noster
1247 2718 1334 2783 lesus
1356 2716 1499 2783 Christus
1528 2721 1658 2785 veniens

347 2820 453 2884 videat
474 2818 645 2903 profecisse
668 2817 843 2884 doctrinam
865 2818 932 2883 eius
953 2818 988 2882 in
1009 2818 1113 2898 nobis;
1144 2823 1176 2882 ct
1206 2818 1280 2902 quia
1306 2838 1371 2882 non
1397 2818 1430 2882 in
1451 2840 1585 2885 vacuum
1608 2842 1658 2885 cu·

348 2920 447 2985 currit
468 2941 527 2984 nec
548 2919 581 2983 in
602 2940 736 2983 vacuum
750 2917 913 2995 laborarit,
935 2919 1090 2983 retribuat
1105 2918 1134 2983 ei
1149 2918 1287 2982 debitam
1302 2940 1459 2984 coronam.
1494 2919 1538 2983 Et
1551 2942 1659 2985 rursus
1676 2924 1695 2977 t

348 3041 475 3103 quoque
496 3019 530 3083 in
551 3021 660 3083 eadem
682 3017 817 3101 epistula
838 3022 1018 3084 commonet
1032 3040 1099 3096 nos,
1121 3040 1160 3081 ne
1182 3022 1305 3082 terrena
1327 3019 1493 3102 sapiamus,
1514 3022 1569 3083 sed
1585 3040 1658 3084 con-

295 3130 329 3185 25
348 3119 558 3184 versationem
578 3122 718 3183 nostram
741 3116 852 3181 debere
874 3138 942 3182 esse
963 3117 996 3180 in
1018 3116 1126 3196 caelis3
1146 3123 1225 3181 unde
1246 3128 1274 3182 et
1285 3124 1460 3182 sanctorem
1474 3130 1659 3200 malumus

346 3224 506 3284 dominnm
526 3230 666 3283 nostrum
687 3222 788 3281 Iesnm
812 3221 974 3283 cernam
1016 3216 1059 3280 Et
1082 3217 1231 3300 quoniam
1262 3218 1354 3283 nobis
1384 3240 1448 3283 non
1479 3224 1527 3283 est
1552 3223 1692 3285 tntumt

348 3319 428 3385 scire
449 3319 596 3384 ultimum
620 3317 714 3397 diem,
745 3316 921 3400 designavit
946 3317 979 3380 in
1010 3315 1146 3400 epistula
1176 3338 1271 3399 quam
1297 3317 1406 3382 scribit
1432 3320 1471 3381 ed
1492 3316 1657 3383 Thessalo·

346 3420 502 3485 nicenses:
517 3425 573 3484 De
595 3422 775 3499 temporibus
795 3427 894 3481 annm
915 3426 941 3480 et
961 3421 1134 3496 mornentis,
1156 3422 1277 3497 frana,
1306 3440 1370 3481 non
1395 3421 1506 3482 hahetis
1527 3441 1605 3499 opus
1625 3429 1660 3483 nt

347 3524 463 3603 aliquid
482 3524 565 3583 cobis
586 3522 727 3595 enatam
748 3521 810 3599 ipsi
830 3521 911 3580 enim
932 3520 1083 3597 diliqenter
1102 3522 1185 3581 settis
1206 3522 1278 3598 qnia
1292 3522 1354 3581 dies
1368 3522 1493 3596 domini,
1514 3522 1659 3598 sientsnr

296 3627 331 3682 30
347 3625 382 3684 in
402 3631 493 3697 noete,
514 3624 558 3682 tte
577 3621 680 3682 veniet.
717 3615 760 3681 Et
781 3620 940 3699 quomodo
961 3638 1046 3680 nunc
1060 3618 1166 3680 adstat
1187 3616 1255 3694 iste,
1277 3620 1467 3699 persuadens
1490 3620 1521 3681 et
1541 3638 1657 3701 rogans
1677 3617 1694 3673 Β

347 3738 605 3802 unumquemque
626 3715 847 3780 Manichaeum
875 3715 958 3779 effici
990 3720 1022 3779 et
1047 3716 1253 3780 circumvenit
1282 3721 1314 3780 et
1339 3716 1518 3800 ingreditur
1540 3719 1659 3794 domos,

348 3819 493 3902 decipere
516 3836 669 3900 quaerens
691 3815 811 3879 animas
833 3820 977 3880 oneratas
998 3817 1157 3898 peccatis?
1184 3813 1246 3880 Sed
1267 3838 1326 3881 nos
1348 3839 1412 3882 non
1432 3818 1479 3880 ita
1493 3818 1657 3894 sentimum

349 3917 425 4002 quin
448 3916 555 4005 potius
576 3934 626 3980 res
647 3915 732 3998 ipsas
758 3914 954 3998 proferamus
979 3915 1012 3978 in
1039 3914 1177 3980 medium
1208 3919 1240 3979 et
1261 3916 1472 3995 conferamus,
1497 3917 1526 3981 si
1546 3916 1658 4000 placet,

435 4114 473 4171 11
492 4113 565 4168 Phil.
583 4116 607 4182 2,
618 4115 658 4168 15.
679 4115 710 4169 16
728 4142 762 4153 -
781 4114 819 4168 lt
837 4112 910 4167 Phil.
928 4115 952 4177 2,
963 4116 1003 4169 lo.
1021 4115 1054 4169 16
1072 4144 1105 4153 -
1125 4114 1163 4171 25
1182 4113 1254 4168 Phil.
1273 4115 1296 4182 ³,
1316 4116 1356 4170 19.
1375 4115 1409 4169 20
1426 4145 1459 4153 -
1478 4115 1517 4171 28
1535 4114 1548 4167 Ι
1565 4113 1659 4169 Thess.

347 4197 768 4266 o‚1.2—sallttm.3,6

434 4348 492 4406 OM

435 4502 451 4556 1
479 4498 583 4570 aliquo]
605 4500 736 4570 Zoecqni,
764 4498 877 4569 aliquod
906 4499 962 4555 OM
990 4501 994 4569 l
1027 4501 1045 4554 9
1073 4499 1175 4569 verbis]
1200 4498 1274 4554 ueris
1303 4498 1326 4554 0
1355 4501 1360 4566 Ι
1394 4499 1431 4555 15
1458 4498 1570 4553 student
1599 4499 1623 4555 0
1653 4498 1659 4567 1

348 4586 385 4641 at
413 4586 542 4641 ultimam
572 4588 596 4642 0
633 4588 638 4656 Ι
674 4585 907 4642 thesalonicenses
933 4583 967 4638 Μ
1000 4586 1005 4651 Ι
1038 4585 1076 4640 28
1103 4583 1175 4637 nach
1201 4600 1256 4637 non
1284 4590 1315 4646 ‹t-
1342 4583 1473 4652 indigetis
1494 4583 1530 4638 Μ
1534 4625 1541 4651 ,
1567 4588 1660 4652 operer

345 4672 437 4740 enitet
469 4673 473 4739 Ι
506 4670 546 4726 29
573 4671 641 4741 dies]
669 4673 761 4726 dens
775 4670 849 4726 Con.
870 4669 908 4725 0¹
940 4671 945 4738 Ι
978 4671 1018 4725 80
1044 4670 1086 4723 ita
1111 4669 1139 4723 in
1165 4667 1299 4722 nocteM
1320 4683 1388 4721 cerr.
1407 4666 1455 4721 M²
1487 4668 1491 4735 Ι
1523 4668 1660 4737 adstant

346 4774 379 4814 w.
396 4775 418 4812 e.
435 4756 491 4811 seb.
510 4773 562 4812 ans
579 4775 612 4811 ns
629 4772 697 4811 corr.
719 4756 758 4813 0²
776 4757 850 4810 astet
867 4754 902 4809 Μ
929 4756 934 4823 Ι
967 4755 1006 4809 tt
1024 4754 1194 4825 proferamus
1212 4762 1245 4812 <
1263 4751 1299 4806 Μ
