3726 5568
310 548 350 613 38
876 540 1062 612 Hegemoniua

312 712 488 775 consistunt
508 710 731 794 aequalitatem
759 733 882 795 semper
903 712 1044 777 sentiunt
1067 709 1157 774 lucis.
1200 707 1280 773 Cum
1307 707 1391 772 enim
1412 706 1552 771 mediam
1573 703 1623 769 sol

310 812 448 876 tenuerit
477 811 612 890 caelum,
642 810 748 875 nullus
778 815 826 875 est
853 810 943 877 locus
970 811 1026 894 qui
1051 814 1107 874 aut
1134 807 1272 872 lucidior
1292 811 1348 871 aut
1369 806 1534 872 obscurior
1554 825 1622 870 esse

311 911 467 990 videatur,
489 913 544 976 sed
567 932 675 976 omnes
695 910 806 975 mundi
827 915 933 994 partes
952 933 989 975 ex
1011 930 1113 992 aequo
1135 912 1167 972 et
1187 908 1272 972 iusto
1292 905 1369 973 solis
1383 905 1507 991 fulgore
1528 904 1622 970 lumi·

311 1015 434 1076 nentur.
477 1009 512 1075 si
533 1029 621 1094 ergo,
651 1015 688 1075 ut
709 1010 852 1093 superios
874 1011 1023 1090 diximus,
1054 1009 1205 1074 occiduae
1229 1005 1344 1091 plagae
1363 1028 1437 1090 pars
1462 1005 1624 1071 auferatur

278 1116 330 1175 de
360 1111 479 1190 medio,
507 1109 593 1174 ultra
622 1111 685 1174 iam
715 1131 780 1174 non
810 1110 1034 1177 obscurabitur
1054 1128 1128 1192 pars
1154 1127 1236 1190 quae
1259 1107 1288 1171 ei
1308 1107 1440 1171 adiacet
1481 1104 1525 1170 Et
1544 1104 1624 1168 haec
1643 1109 1685 1164 12

313 1211 441 1293 quidem
470 1211 549 1274 mihi
582 1209 759 1292 simplicius
781 1211 866 1275 dicta
888 1211 959 1287 sint,
981 1231 1054 1273 cum
1076 1206 1196 1291 possim
1228 1211 1259 1271 et
1280 1207 1444 1272 zodiacum
1467 1203 1622 1270 circulum

312 1308 501 1389 describere;
532 1311 587 1374 sad
617 1331 681 1373 non
702 1311 828 1374 intuto
850 1331 935 1374 nunc
956 1309 1026 1373 fieri
1047 1311 1134 1371 ratus
1155 1327 1238 1384 sum,
1260 1310 1389 1390 propter
1410 1307 1495 1389 quod
1513 1308 1552 1369 de
1573 1305 1623 1368 his

313 1408 412 1475 silebo
435 1413 466 1473 et
488 1411 527 1473 ad
548 1406 630 1473 illud
652 1412 747 1492 caput
767 1430 926 1474 recurram
949 1410 1035 1492 quod
1066 1406 1185 1471 obiecit
1213 1406 1423 1481 adversarius,
1453 1405 1624 1469 adfirmans

312 1509 400 1573 omni
425 1509 498 1573 nisu
528 1511 673 1574 tenebras
700 1530 767 1573 esse
792 1509 965 1593 ingenitas,
996 1509 1081 1592 quod
1108 1510 1140 1571 et
1166 1506 1271 1588 ipsum
1293 1508 1448 1589 quantum
1468 1504 1625 1569 valuimus

261 1618 296 1672 10
312 1608 377 1672 iam
395 1608 590 1673 confutatum
614 1612 670 1673 est.

396 1707 502 1774 XXVI
523 1706 663 1791 (XXIII).
699 1707 832 1773 laurona
860 1726 1045 1773 nrxnaona:
1081 1705 1116 1771 Si
1146 1706 1381 1771 condderemus
1401 1703 1505 1769 lueern
1527 1703 1626 1767 fuisse

314 1811 387 1871 aute
409 1810 625 1874 conditionem
647 1812 859 1873 creaturarum
882 1812 914 1871 et
934 1807 1015 1871 nihil
1035 1806 1133 1872 fuisse
1155 1804 1314 1870 obiectum
1334 1806 1420 1888 quod
1440 1826 1478 1868 ex
1500 1825 1534 1868 se
1555 1825 1625 1866 um-

313 1905 404 1971 bram
427 1912 597 1991 generaret
619 1930 746 1973 necesse
769 1911 816 1972 est
836 1907 939 1972 lacem
961 1909 1080 1991 ubique
1101 1907 1198 1971 fuisse
1220 1904 1367 1970 diffusam
1390 1908 1421 1968 et
1435 1903 1542 1969 omnia
1555 1901 1626 1968 loca

314 2006 439 2091 fulgore
465 2006 546 2072 lucis
576 2008 775 2085 inluminata,
806 2009 888 2072 sieut
919 2011 1079 2073 ostensum
1110 2010 1158 2072 est
1183 2029 1221 2071 ex
1246 2005 1295 2069 bis
1326 2025 1407 2087 quae
1433 2008 1505 2067 ate
1525 2023 1626 2084 nuper

263 2117 297 2169 lo
315 2106 401 2171 dicta
430 2111 516 2184 sunt3
547 2107 581 2171 in
612 2108 728 2191 quibus
758 2129 863 2171 reram
891 2127 958 2171 esse
987 2108 1143 2172 rationem
1170 2105 1326 2187 videntes¹
1347 2107 1458 2168 damus
1487 2101 1627 2185 palmam

315 2205 558 2289 allegationibus
579 2205 738 2271 Archelai.
774 2204 809 2271 Si
831 2205 915 2270 enim
937 2206 1123 2271 divisionem
1144 2204 1279 2287 accipiat
1296 2205 1461 2268 universus
1481 2202 1666 2276 mundum

314 2304 403 2370 velut
432 2329 523 2372 muro
555 2308 693 2389 quodam
723 2326 780 2388 per
800 2305 940 2370 medium
961 2307 1128 2381 instructo,
1159 2308 1191 2367 et
1220 2323 1258 2365 ex
1283 2322 1347 2364 una
1372 2307 1461 2383 parte
1481 2300 1627 2366 habitent

315 2407 476 2483 tenebrae,
507 2428 544 2470 ex
575 2404 636 2469 alia
661 2426 736 2470 vero
763 2404 829 2481 lux,
856 2402 1052 2487 intellegitur
1081 2402 1287 2468 nihilomiuus
1318 2399 1392 2484 quia
1421 2424 1458 2466 ex
1481 2423 1517 2465 eo
1540 2403 1628 2485 quod

314 2505 505 2569 instructum
527 2510 575 2569 est
596 2504 782 2580 aedificium,
804 2504 918 2567 umbra
939 2508 1094 2586 generata
1117 2501 1288 2567 acciderint
1308 2502 1464 2567 tenebrae.
1494 2500 1538 2566 Et
1557 2523 1627 2566 rur-

263 2614 298 2670 20
315 2626 386 2669 sum
407 2603 501 2670 nobis
523 2607 737 2687 quaerendum
759 2606 807 2667 est
827 2601 899 2685 quis
921 2601 1134 2667 aedificaverit
1153 2624 1280 2666 murum
1300 2601 1335 2665 in
1355 2601 1461 2666 medio
1483 2603 1627 2670 duorum,

314 2704 342 2767 si
368 2707 473 2767 tamen
501 2704 701 2769 aedificatum
727 2701 849 2782 lotarie,
878 2701 1113 2767 oManiohaee.
1156 2701 1191 2767 si
1210 2722 1285 2766 uero
1307 2700 1364 2764 illa
1383 2701 1465 2766 ratio
1486 2701 1667 2766 conside-a

315 2807 415 2884 retur,
446 2803 535 2885 quasi
565 2824 674 2867 murus
700 2825 765 2869 non
791 2802 834 2867 sit
853 2802 1040 2881 instructus,
1071 2822 1179 2866 rursus
1209 2800 1276 2866 sine
1306 2799 1415 2883 aliqua
1444 2801 1627 2884 exceptione

315 2925 397 2968 unua
419 2924 488 2967 esse
508 2903 675 2968 universus
704 2901 903 2986 intellegitur
932 2901 1023 2967 locus
1053 2921 1091 2964 ac
1120 2902 1179 2965 sub
1209 2923 1274 2965 una
1302 2904 1459 2984 potestate
1489 2899 1626 2983 poaitus3

315 3004 399 3067 unde
420 3025 459 3067 ex
480 3001 568 3067 omni
589 3006 678 3084 parte
699 3002 837 3067 tenebris
861 3025 898 3066 ex
919 3000 1135 3066 accidentibus
1163 3021 1231 3065 esse
1257 2999 1479 3064 demonstratis
1504 2998 1627 3083 ingeni·

264 3111 298 3165 25
315 3105 381 3165 tarn
401 3105 547 3166 naturam
568 3100 684 3166 habere
705 3123 770 3166 non
790 3106 932 3185 possunt
967 3102 1175 3165 Aaomnus
1194 3118 1304 3165 urxrr:
1326 3099 1420 3165 Dicat
1440 3098 1626 3164 mihietiam
1646 3103 1667 3157 4

315 3202 377 3265 hoc
398 3203 438 3265 ad
461 3224 497 3265 ea
520 3224 601 3285 quae
626 3202 789 3285 proposita
815 3205 897 3265 sunt
938 3200 1008 3265 Deo
1037 3198 1072 3263 in
1101 3217 1200 3282 reguo
1222 3221 1279 3264 suo
1301 3199 1406 3282 posito
1433 3204 1465 3264 et
1484 3197 1627 3282 maligno

316 3299 462 3365 similiter
482 3302 517 3365 in
538 3323 596 3367 suo
618 3321 726 3385 regno,
749 3303 820 3385 quis
841 3301 924 3365 inter
944 3299 1084 3365 medium
1098 3300 1241 3382 ipsorum
1256 3300 1469 3366 construxerit
1482 3302 1627 3363 murum?

317 3399 392 3467 Non
414 3400 498 3465 enim
519 3406 626 3484 potest
647 3401 786 3466 dividere
808 3400 885 3484 quid
908 3402 985 3464 duas
1007 3398 1214 3477 substantias,
1239 3398 1302 3462 uisi
1324 3400 1410 3481 quod
1431 3398 1474 3462 sit
1493 3402 1628 3479 utroque

316 3499 433 3579 maius,
464 3501 547 3566 aaut
572 3501 650 3566 dicit
671 3501 704 3565 in
728 3500 841 3566 Genesi
861 3498 943 3566 libro
971 3497 1046 3582 quia
1067 3502 1169 3562 diruat
1189 3502 1262 3562 mas
1283 3502 1361 3562 inter
1382 3503 1477 3562 lucem
1504 3506 1533 3560 ct
1553 3507 1627 3560 tenc·

265 3608 301 3662 30
317 3603 391 3662 troo.
414 3597 526 3664 Talem
548 3622 615 3665 esse
637 3600 776 3685 aliquem
797 3619 925 3664 necesse
946 3602 995 3663 est
1016 3601 1047 3662 et
1061 3598 1143 3662 muri
1157 3596 1249 3661 istius
1268 3596 1499 3672 instructorem,
1520 3599 1669 3660 murust

319 3699 403 3762 enim
424 3698 575 3765 terminos
597 3701 846 3782 uniuscuiusque
874 3700 1082 3776 demonstrat,
1112 3695 1194 3760 siout
1222 3695 1304 3760 inter
1330 3718 1384 3760 eos
1412 3696 1467 3778 qui
1488 3717 1561 3759 rura
1582 3694 1628 3757 in-

319 3797 428 3863 colunt
457 3797 538 3880 lapis
564 3797 645 3864 solet
670 3799 849 3881 portionem
875 3796 1121 3879 uniuscuiusque
1151 3794 1301 3871 dividere;
1333 3816 1414 3877 quae
1442 3799 1550 3859 tamen
1579 3815 1629 3858 res

319 3898 421 3981 magis
441 3896 638 3963 intellectum
661 3900 723 3976 dat,
744 3917 807 3980 quo
829 3896 1047 3961 huiuscemodi
1068 3894 1181 3959 divisio
1204 3894 1359 3960 fraternae
1380 3895 1487 3977 potius
1507 3894 1629 3959 heredi·

406 4047 445 4102 29
464 4045 531 4101 Gen.
551 4048 574 4111 1,
591 4048 608 4101 4

409 4178 463 4232 GM

406 4296 635 4366 lequitatemM
655 4300 658 4365 Ι
683 4298 817 4367 deeque]
837 4315 870 4352 ea
888 4285 1119 4367 quoCaedzM
1138 4301 1142 4367 Ι
1170 4299 1233 4354 lin
1250 4299 1321 4367 tuto]
1340 4295 1411 4351 intui
1433 4296 1456 4350 0
1484 4298 1488 4363 Ι
1521 4296 1630 4365 tinisa]

319 4381 372 4436 nisi
394 4382 416 4436 0
445 4385 450 4448 Ι
480 4381 553 4435 narb
570 4382 659 4453 ipsum
679 4390 710 4444 «Ι-
729 4385 757 4436 in
775 4382 809 4436 M
838 4383 842 4443 Ι
876 4383 916 4438 10
934 4381 1095 4437 confitatum
1118 4382 1141 4436 G
1170 4384 1173 4451 Ι
1208 4384 1246 4438 12
1269 4382 1466 4450 creaturarum]
1486 4397 1544 4436 oo.
1563 4380 1629 4434 Ros.

324 4467 347 4521 0
375 4467 380 4535 Ι
411 4467 440 4520 et
457 4475 490 4527 <
512 4466 559 4534 ΟΙ
592 4469 628 4523 15
645 4468 750 4537 veram]
769 4483 863 4521 uerum
887 4466 941 4522 ΟΜ
970 4468 974 4535 Ι
1008 4468 1046 4522 22
1066 4483 1158 4521 morus
1181 4466 1204 4521 0
1228 4469 1233 4534 Ι
1258 4467 1296 4522 24
1313 4482 1347 4521 ex
1365 4465 1554 4520 accidentibus
1572 4482 1630 4520 esse

320 4549 515 4605 demonstratis
526 4562 559 4611 <
582 4552 605 4605 O
625 4553 630 4620 Ι
655 4553 694 4608 28
713 4552 839 4621 utroque]
857 4553 1005 4620 utrumque
1026 4551 1081 4605 CM
1101 4553 1106 4619 Ι
1130 4551 1170 4607 29
1189 4549 1266 4619 dicit]
1284 4549 1356 4605 narb
1373 4549 1444 4605 libro
1459 4550 1631 4618 courtmatru-

314 4634 355 4688 Μ
378 4636 382 4702 Ι
410 4635 446 4690 81
467 4634 658 4691 demonstrant
679 4636 733 4690 CM
753 4640 757 4705 Ι
790 4637 848 4706 qui]
867 4654 919 4691 uua
937 4654 992 4705 quo
1011 4653 1079 4691 corr.
1097 4636 1132 4689 M
1136 4639 1148 4674 ²
1174 4638 1178 4703 Ι
1212 4636 1251 4691 dd
1270 4635 1334 4704 quo]
1350 4633 1481 4688 riedeiabt
1499 4635 1537 4688 a'st
1556 4635 1632 4704 quod

320 4736 357 4774 za
375 4721 453 4788 baar,
472 4719 582 4788 quaudo
599 4719 724 4789 Zoccrpna'
754 4721 759 4788 Ι
792 4721 901 4791 divisio]
917 4721 1051 4790 Zocoym,
1068 4720 1139 4775 uisio
1161 4720 1216 4775 GM
