3768 5566
318 518 357 579 32
883 511 1069 582 Hegemonius

318 678 345 742 si
368 701 405 743 ex
430 683 573 762 tempore
602 678 749 762 plasmati
775 680 913 747 bominis
942 680 1082 745 malitiae
1113 680 1179 745 eius
1204 684 1300 747 homo
1326 702 1420 746 eausa
1441 684 1509 747 est?
1543 679 1629 765 Lege

318 784 423 845 autem
451 801 488 844 ae
509 785 676 863 praecepto
698 779 759 845 sibi
789 783 876 858 dato,
906 781 1002 847 bomo
1031 784 1158 865 poterat
1186 802 1386 866 nequaquam
1412 780 1628 864 obtemperare

320 878 457 962 serpenti
479 884 510 943 et
530 878 580 943 his
602 901 682 962 quae
704 881 743 945 ab
765 901 802 944 eo
824 879 1021 960 dicebantur3
1042 881 1095 946 oui
1114 882 1143 946 si
1164 904 1227 947 non
1253 880 1502 963 obtemperasset
1524 881 1628 957 bomo,

319 1001 383 1064 qua
404 1001 443 1043 ex
465 1000 559 1043 eausa
580 978 682 1043 malus
703 978 835 1045 fuisset?
857 979 949 1056 Quod
971 981 998 1047 si
1012 980 1191 1065 ingenitum
1206 986 1253 1046 est
1273 979 1401 1060 malum,
1422 984 1454 1045 et
1468 982 1629 1065 quomodo

285 1079 477 1145 ointerdum
498 1079 592 1145 bomo
615 1078 728 1145 fortior
748 1078 806 1144 illo
827 1079 1005 1147 invenitur?
1041 1080 1269 1165 Obtemperans
1299 1079 1383 1144 enim
1409 1078 1556 1144 mandato
1578 1078 1665 1144 deis

319 1179 500 1263 frequenter
520 1178 621 1243 vineit
641 1199 767 1244 omnem
788 1178 930 1244 malitiae
952 1181 1101 1259 radicem3
1124 1185 1156 1245 et
1176 1178 1345 1245 ridiculum
1366 1183 1422 1258 est
1442 1177 1470 1243 si
1490 1179 1551 1244 iste
1572 1179 1629 1264 qui

319 1279 442 1343 faotura
463 1282 511 1343 est
531 1278 647 1344 fortior
666 1278 845 1344 inueniatur
865 1278 1018 1362 ingenito.
1059 1280 1156 1347 Cuius
1178 1284 1284 1345 autem
1307 1283 1355 1344 est
1375 1278 1426 1343 lex
1448 1282 1480 1343 et
1501 1282 1630 1343 manda·

319 1382 407 1444 tum?
440 1376 520 1443 illud
548 1379 619 1444 dieo
641 1381 728 1463 quod
748 1377 870 1445 bomini
891 1381 1000 1444 datum
1022 1382 1079 1446 est.
1114 1378 1189 1444 Sine
1219 1378 1315 1443 dubio
1345 1378 1548 1444 confitebitur
1578 1379 1629 1443 dei

320 1500 396 1544 esse.
438 1477 486 1542 Et
502 1479 661 1561 quomodo
683 1481 787 1561 potest
808 1479 877 1543 dari
897 1478 949 1543 lex
970 1479 1094 1545 alieno?
1116 1483 1171 1543 ant
1191 1477 1320 1544 inimico
1343 1478 1415 1562 quis
1435 1483 1541 1561 potest
1555 1480 1630 1543 dara
1648 1489 1667 1545 8

269 1592 302 1646 10
318 1582 541 1663 praeseptum?
562 1578 630 1642 Aut
650 1575 705 1642 ille
727 1578 782 1662 qui
804 1580 920 1662 accipit
939 1583 1151 1662 praeceptum,
1173 1581 1334 1662 quomodo
1354 1581 1460 1661 potest
1481 1580 1630 1643 adsersus

319 1675 496 1754 diabolum,
517 1677 551 1741 id
574 1682 634 1756 est,
655 1680 804 1743 adsersus
826 1684 998 1745 creatorem
1024 1701 1117 1744 suum
1137 1697 1292 1763 pugnare,
1313 1683 1476 1762 tamquam
1497 1679 1525 1743 si
1545 1677 1630 1743 filius

320 1777 411 1861 patri,
433 1798 505 1842 oum
526 1776 752 1842 beneficiorum
774 1778 899 1843 debitor
919 1778 968 1856 sit,
990 1778 1137 1863 inrogare
1159 1776 1234 1842 velit
1259 1775 1411 1843 iniurias?
1446 1775 1495 1842 lta
1515 1778 1549 1843 in
1570 1779 1630 1843 bae

319 1882 408 1961 parte
429 1875 633 1942 inutilitatem
654 1876 791 1942 bominis
806 1878 962 1962 designas,
984 1878 1011 1943 si
1025 1877 1198 1962 perlegam
1214 1881 1246 1943 et
1259 1880 1443 1942 mandatum
1465 1879 1630 1944 adversum

320 1999 392 2044 eum
414 1976 470 2061 qui
490 1998 525 2042 se
545 1976 756 2060 plasmaverit
778 1976 906 2042 dimioet
927 1982 1023 2062 atque
1045 2001 1117 2044 eum
1139 1977 1265 2044 sineere
1280 1981 1418 2043 sonetur.
1454 1974 1492 2042 In
1505 1981 1667 2042 tantuml)

270 2090 303 2144 15
321 2078 405 2144 enim
434 2075 618 2143 stoliditatis
647 2096 849 2161 progressum
880 2099 948 2142 esse
977 2078 1082 2162 ipsum
1118 2076 1278 2143 diabolum
1312 2077 1507 2160 putabimus,
1544 2079 1630 2160 quod

321 2181 487 2244 adversum
507 2199 541 2241 se
561 2175 723 2241 hominem
744 2198 778 2241 se
804 2176 916 2242 fauisse
938 2200 1001 2243 non
1024 2176 1172 2255 senserit,
1190 2198 1249 2242 nec
1270 2176 1525 2241 animadverterit
1544 2181 1631 2260 quod

320 2278 463 2342 firturnm
493 2278 588 2354 esset,
617 2296 676 2340 nee
697 2275 870 2358 providerit
896 2280 981 2360 quod
1007 2278 1213 2360 sequebatur;
1243 2297 1316 2340 eum
1345 2275 1439 2340 etiam
1467 2275 1501 2340 in
1530 2276 1631 2357 nobis,

322 2376 377 2460 qui
398 2376 522 2440 factura
543 2395 660 2453 sumus,
681 2375 723 2440 sit
744 2374 851 2459 aliqua
871 2376 923 2441 vel
943 2399 1041 2460 parva
1062 2375 1207 2453 scientia,
1228 2376 1311 2440 inest
1333 2379 1365 2439 et
1386 2373 1506 2459 aliquid
1527 2375 1633 2458 provi·

321 2475 445 2540 dentiae
467 2480 499 2540 et
512 2474 752 2540 existimationis
770 2496 1009 2560 nonnumquam
1027 2479 1150 2541 sertae?
1183 2474 1228 2540 Et
1248 2477 1408 2559 quomodo
1429 2474 1571 2558 ingenito
1592 2498 1632 2540 ne
1651 2481 1691 2537 10

269 2584 304 2640 20
322 2576 472 2659 exiguum
498 2574 626 2657 quidem
646 2574 862 2657 providentiae
883 2575 981 2641 fuisse
1007 2574 1163 2640 oredimus
1183 2595 1287 2658 neque
1313 2572 1555 2638 existimationis
1576 2580 1632 2638 aut

321 2673 519 2739 intellectus?
555 2672 617 2739 Sed
636 2673 836 2739 brutissimus
862 2696 956 2740 sensu
982 2680 1014 2741 et
1034 2674 1229 2741 obtusissimi
1247 2673 1351 2738 sordis
1374 2678 1406 2738 et
1426 2677 1557 2738 naturae
1578 2696 1632 2758 pe-

322 2773 404 2839 eoris
433 2772 592 2837 invenitur
621 2772 793 2839 seeundum
823 2777 1045 2854 adsertionem,
1074 2773 1235 2849 videlieet,
1265 2778 1361 2840 tuam.
1409 2772 1501 2850 Quod
1530 2773 1558 2838 si
1586 2775 1633 2838 ita
1650 2784 1687 2840 ll

323 2877 378 2949 est,
410 2874 569 2957 quomodo
591 2873 700 2951 bomo,
722 2876 779 2957 qui
799 2875 929 2958 ingenio
952 2879 1048 2959 atque
1069 2874 1203 2938 seientia
1222 2894 1288 2939 non
1308 2895 1421 2957 parurn
1449 2871 1562 2955 pollet,
1591 2874 1631 2937 ab

323 2995 369 3051 eo,
391 2973 447 3057 qui
467 2972 597 3056 ignarus
618 2971 761 3037 omnium
786 2976 883 3058 atque
907 2976 1004 3040 hebes
1029 2995 1124 3040 sensu
1156 2978 1217 3053 est,
1246 2973 1351 3056 potuit
1380 2972 1538 3055 aaespisse
1559 2973 1635 3037 sub·

271 3089 305 3143 25
322 3073 491 3138 stantiam?
527 3071 693 3147 Quomodo
722 3073 941 3139 huiuscemodi
970 3074 1106 3140 auctoris
1133 3094 1213 3156 opus
1235 3094 1302 3137 esse
1323 3071 1483 3137 bominem
1504 3072 1632 3137 audebit

323 3171 439 3256 aliquis
459 3171 623 3238 confiteri?

404 3270 489 3337 XXL
511 3270 603 3348 Quod
623 3271 651 3337 si
671 3273 766 3338 bomo
789 3271 893 3336 anima
906 3277 955 3337 est
978 3277 1009 3337 et
1030 3294 1152 3356 corpus,
1174 3277 1206 3337 et
1226 3294 1289 3338 non
1311 3270 1415 3337 solum
1429 3292 1545 3355 eorpus
1564 3271 1634 3361 sine

322 3372 438 3453 anima,
467 3393 548 3456 quae
573 3372 641 3437 sine
662 3371 852 3437 seinvicem
874 3370 1044 3437 subsistere
1065 3394 1130 3437 non
1150 3376 1298 3455 possunt,
1328 3392 1425 3455 quare
1446 3391 1483 3435 ea
1503 3369 1633 3435 inimica

322 3472 449 3537 sibimet
478 3472 563 3537 diues
590 3477 622 3537 et
643 3469 820 3538 contraria?
854 3469 989 3537 Videtur
1020 3473 1102 3537 enim
1133 3470 1212 3536 mihi
1241 3468 1388 3536 dominas
1417 3472 1524 3535 noster
1545 3467 1632 3534 lesus

271 3584 305 3637 30
323 3572 466 3639 Christus
487 3575 526 3636 de
547 3571 597 3636 bis
619 3572 735 3637 dixisse
756 3592 814 3654 per
831 3571 1011 3654 parabolas:
1033 3576 1128 3637 Neow
1146 3579 1242 3652 potest
1255 3574 1363 3635 muron
1376 3591 1491 3635 novam
1503 3575 1633 3635 inatres

320 3683 427 3737 uetsres
446 3677 567 3749 mittere,
588 3676 726 3752 alioquin
746 3681 924 3752 rumpente
943 3681 1026 3737 utos
1047 3682 1074 3737 et
1092 3676 1200 3735 uinum
1220 3673 1394 3752 offendetur.
1438 3668 1500 3734 Sed
1523 3670 1669 3734 sinum2

323 3793 441 3838 novum
461 3771 496 3835 in
516 3774 603 3835 utres
626 3791 725 3836 novos
747 3770 937 3835 mittendum
959 3776 1019 3847 est,
1047 3771 1198 3855 quoniam
1225 3770 1353 3851 quidem
1379 3768 1464 3834 idem
1485 3770 1633 3834 dominus

406 3902 444 3959 bl)
463 3902 563 3957 Mattb
582 3903 606 3969 9,
626 3905 665 3956 17.
696 3900 786 3958 Mark.
804 3904 827 3967 2,
846 3904 888 3959 22.
918 3903 986 3958 Lnk.
1004 3906 1029 3971 5,
1048 3905 1081 3958 37

414 4005 470 4059 OM

409 4108 424 4163 1
445 4106 527 4162 bomo
545 4115 579 4166 <
596 4105 630 4160 M
651 4106 655 4174 Ι
686 4103 760 4176 lege]
786 4123 837 4160 usas
855 4106 947 4176 legem
964 4122 1032 4160 eoas.
1054 4106 1077 4161 0
1099 4106 1103 4172 Ι
1127 4104 1248 4160 bbomo
1265 4103 1377 4159 datoM
1396 4104 1401 4173 Ι
1425 4104 1444 4159 11
1463 4102 1633 4173 dicebantur]

323 4190 540 4262 praecipiebatur
558 4190 592 4245 M
620 4192 625 4258 Ι
656 4190 834 4247 tuinostO
863 4194 868 4259 Ι
901 4207 982 4245 omne
999 4189 1033 4243 Μ
1062 4191 1066 4257 Ι
1100 4189 1307 4259 lmandatnm]
1325 4189 1501 4260 praeseptum
1518 4186 1554 4241 Μ
1577 4188 1581 4255 Ι
1614 4188 1633 4243 b

324 4276 371 4346 qui
388 4274 423 4329 Μ
451 4277 456 4344 Ι
490 4275 528 4331 la
546 4274 729 4330 inutilitatem
747 4314 754 4327 .
772 4316 779 4330 .
798 4315 805 4329 .
824 4274 961 4345 designas]
979 4273 1167 4332 inuenisutam
1185 4273 1306 4329 bominis
1324 4272 1482 4344 designasse
1500 4271 1535 4326 Μ
1555 4273 1560 4340 Ι
1586 4272 1634 4327 ad·

323 4359 462 4414 uersusO
490 4359 496 4428 Ι
529 4359 567 4415 14
586 4375 615 4414 se
632 4359 711 4421 <0
739 4361 745 4429 Ι
777 4357 900 4428 dimicat]
918 4358 1037 4416 ussto
1067 4362 1072 4427 Ι
1105 4359 1143 4416 lt
1167 4358 1250 4427 anim]
1275 4361 1370 4413 autern
1386 4355 1419 4409 Μ
1449 4358 1453 4424 Ι
1484 4355 1634 4412 soliditatis

323 4444 359 4498 M
377 4446 381 4512 Ι
410 4445 447 4500 la
464 4460 494 4498 se
510 4445 592 4512 (nost
609 4443 758 4513 bominem)
777 4453 811 4505 <
832 4444 856 4500 0
876 4447 881 4514 Ι
906 4444 942 4500 17
963 4444 1044 4515 asset]
1061 4446 1104 4499 est
1121 4443 1156 4498 M
1175 4447 1180 4513 Ι
1203 4440 1354 4513 prouiderit
1371 4440 1406 4495 M
1424 4442 1429 4509 Ι
1455 4440 1493 4496 18
1511 4444 1540 4495 et
1557 4440 1638 4502 <M

323 4531 327 4596 Ι
359 4530 397 4585 ls
416 4532 445 4583 st
461 4528 682 4598 existimationis]
701 4546 735 4584 ex
752 4528 795 4583 his
813 4528 1052 4599 temptationesM
1074 4528 1078 4596 Ι
1101 4527 1223 4588 et<M
1242 4530 1247 4596 Ι
1277 4523 1484 4582 moralissimi
1497 4541 1590 4580 sensns
1603 4524 1638 4579 M

323 4616 327 4683 Ι
351 4614 392 4670 28
409 4613 493 4669 bomo
511 4623 545 4675 <
562 4613 597 4667 M
618 4614 623 4684 Ι
650 4615 689 4670 28
707 4612 882 4684 seinvicem]
899 4612 1019 4668 inuicem
1036 4610 1221 4667 bominemM
1240 4612 1246 4679 Ι
1271 4612 1311 4666 29
1329 4609 1441 4665 dioisM
1462 4613 1466 4679 Ι
1490 4610 1527 4666 80
1543 4609 1634 4680 nemo]

323 4696 1083 4767 nuasmaorr.01nuclrpotast÷mittarle
1107 4693 1639 4766 blmittere<erumpunturM
