3726 5568
658 545 730 599 aaa
746 543 1056 599 uenenrxn-xnrr.
1465 551 1504 611 61

193 721 367 781 destruetur.
405 710 484 778 Vide
507 731 582 797 ergo
605 719 755 797 quantam
775 716 808 779 in
831 736 899 779 sese
920 714 1036 779 habeat
1049 713 1199 778 virtutem
1222 712 1308 796 quod
1328 711 1504 795 perfectum

195 819 243 881 est
270 819 302 880 et
327 814 416 879 cuius
438 813 479 876 sit
501 813 621 879 ordinis
642 816 712 898 ipsa
738 815 900 898 perfectio.
942 813 1038 879 Dicat
1059 816 1164 878 autem
1185 812 1245 877 iste
1267 834 1362 896 quam
1384 814 1506 876 destru·
1525 821 1543 877 8

194 916 277 979 xerit
302 913 503 997 prophetiam
534 912 720 980 ludaeorum
747 937 787 978 an
808 913 1040 991 Hebraeorum,
1062 935 1118 978 seu
1140 913 1266 996 linguas
1287 932 1407 977 cessere
1428 911 1505 976 iecit

196 1013 389 1080 Graecorum
410 1016 466 1077 aut
488 1035 596 1078 eorum
618 1015 673 1098 qui
687 1014 773 1081 idola
796 1013 912 1094 colunt,
933 1013 983 1078 vel
1006 1034 1086 1097 quae
1101 1013 1163 1077 alia
1178 1015 1328 1097 dogmata
1351 1009 1507 1076 destruxit

162 1111 412 1177 bValentiniani
438 1117 493 1177 aut
515 1112 686 1179 Marcionis
713 1118 769 1179 aut
795 1112 921 1178 Tatiani
947 1118 1002 1178 aut
1024 1112 1154 1178 Sabellii
1181 1117 1419 1195 ceterorumque
1451 1112 1506 1194 qui

195 1212 356 1298 propriam
377 1212 506 1278 sibimet
526 1213 603 1296 ipsis
625 1213 789 1279 scientiam
811 1218 1053 1297 conposuerunt
1096 1212 1196 1289 Quem
1216 1214 1330 1279 horum
1352 1211 1507 1276 destruxit
1525 1225 1543 1278 11

197 1315 283 1378 dicat
312 1318 367 1377 aut
392 1315 518 1396 quando
545 1316 686 1379 destruet
712 1314 802 1398 quasi
831 1313 1009 1397 perfectus?
1045 1312 1190 1378 Inducias
1218 1310 1506 1394 fortassis‘aliquas

197 1411 329 1496 quaerit
371 1409 445 1477 Nou
470 1412 576 1496 plane,
608 1436 671 1478 non
701 1415 747 1477 ita
777 1415 909 1479 obscura
940 1419 971 1478 et
996 1411 1181 1497 ignobiliter
1205 1413 1352 1476 adveniet
1376 1410 1431 1475 ille
1453 1411 1508 1495 qui

197 1511 355 1595 perfectus
376 1516 437 1591 est,
463 1512 496 1576 id
523 1517 571 1578 est
591 1512 679 1579 lesus
701 1512 843 1579 Christus
866 1514 1012 1580 dominus
1033 1516 1148 1578 noster.
1192 1510 1254 1576 Sed
1274 1512 1358 1576 sicut
1378 1533 1433 1575 rex
1454 1514 1508 1576 ad·
1529 1526 1568 1581 lc

146 1624 181 1680 10
197 1610 324 1675 veniens
345 1613 386 1675 ad
408 1613 519 1677 urbem
545 1635 633 1678 auam
654 1613 828 1695 praemittit
848 1613 951 1698 primo
972 1617 1166 1697 protectores
1188 1634 1274 1691 suos,
1304 1612 1408 1696 signa,
1439 1615 1509 1676 dra·

198 1732 300 1790 conas,
320 1710 455 1790 labaroa,
476 1715 580 1792 duces,
593 1713 760 1797 principes,
782 1715 966 1797 praefectos,
988 1719 1021 1778 et
1040 1713 1187 1777 universa
1201 1711 1352 1778 continuo
1367 1732 1508 1775 commo·

197 1814 320 1889 ventur,
342 1811 413 1877 aliis
436 1834 509 1878 vero
531 1814 758 1891 metuentibus,
786 1813 856 1878 aliis
882 1834 957 1878 vero
980 1813 1190 1896 gaudentibus
1211 1832 1269 1894 pro
1291 1811 1509 1896 expectatione

198 1910 294 1994 regis,
324 1910 369 1974 ita
399 1916 431 1976 et
457 1912 602 1977 dominus
633 1934 722 1977 meus
748 1911 848 1987 lesus,
878 1912 934 1996 qui
960 1916 1009 1977 est
1037 1934 1109 1976 vere
1138 1910 1308 1994 perfectus,
1338 1911 1509 1975 adveniens
1529 1918 1565 1971 11

199 2009 373 2093 praemittit
393 2011 426 2075 in
447 2011 550 2095 primo
573 2012 708 2096 gloriam
729 2035 829 2091 suam,
851 2011 1092 2077 incontaminati
1110 2016 1205 2095 atque
1220 2010 1403 2076 inmaculati
1418 2011 1509 2094 regni

150 2123 182 2176 lc
199 2111 430 2194 praedicatores
451 2116 603 2191 sacratos,
623 2117 654 2176 et
680 2117 755 2176 tunc
776 2113 922 2177 universa
943 2117 1085 2177 creatura
1110 2112 1361 2177 commovebitur
1382 2115 1414 2174 et
1435 2132 1510 2175 con·

200 2210 387 2289 turbabitur,
408 2210 589 2294 supplicans
611 2217 707 2295 atque
729 2213 905 2291 obsecrans,
928 2233 1092 2296 usquequo
1108 2233 1177 2276 eam
1191 2233 1210 2275 a
1224 2211 1374 2276 servitute
1388 2210 1509 2276 liberet

201 2307 384 2373 Humanum
406 2332 480 2376 vero
503 2331 602 2395 genua
623 2316 744 2375 metuat
765 2333 891 2377 necesse
917 2316 965 2377 est
987 2316 1018 2376 et
1039 2311 1271 2395 conplurimum
1294 2309 1508 2387 conturbetur,
1529 2319 1567 2373 12

201 2431 259 2493 pro
281 2430 318 2473 eo
341 2413 426 2494 quod
445 2410 546 2474 multa
567 2409 682 2475 delicta
705 2412 909 2487 commiserit3
939 2411 999 2477 soli
1024 2432 1099 2477 vero
1120 2409 1197 2474 iusti
1217 2409 1431 2485 laetabuntur,
1458 2431 1510 2473 ex·

201 2513 364 2592 pectantes
386 2531 467 2593 quae
489 2509 548 2575 sibi
571 2511 833 2592 promisserunt,
863 2533 921 2576 nec
951 2511 1035 2575 ultra
1060 2512 1289 2575 mundanarum
1310 2530 1415 2573 rerum
1437 2510 1511 2573 sub·

151 2623 186 2679 20
203 2609 319 2674 stantia
340 2609 548 2692 permanebit3
569 2610 676 2674 omnia
698 2613 897 2675 destruentur
917 2612 983 2676 sive
1006 2610 1189 2693 prophetiae
1212 2611 1277 2673 sive
1302 2609 1414 2673 horum
1436 2607 1510 2672 libri

202 2709 267 2773 sive
288 2708 414 2793 linguae
436 2710 533 2774 totius
553 2709 688 2793 generis:
711 2712 886 2789 cessabunt,
909 2732 946 2774 eo
969 2712 1055 2794 qnod
1076 2708 1160 2773 ultra
1174 2732 1238 2774 non
1254 2712 1367 2793 egeant
1381 2706 1511 2773 solliciti

203 2831 270 2874 esse
292 2810 434 2874 homines
465 2814 497 2873 et
523 2809 663 2892 cogitare
689 2812 727 2874 de
747 2810 894 2893 hisquae
925 2812 965 2873 ad
995 2810 1093 2874 vitam
1124 2809 1299 2874 necessaria
1329 2812 1414 2887 sunt,
1445 2807 1511 2872 sive

202 2909 332 2974 scientia
362 2930 632 2993 quorumcumque
663 2911 842 2987 doctorum,
874 2911 968 2973 etiam
998 2909 1068 2991 ipsa
1097 2911 1287 2973 destruetur:
1318 2906 1397 2972 nihil
1428 2908 1510 2972 enim

202 3010 315 3074 horum
336 3007 465 3074 sufferre
487 3011 605 3093 poterit
626 3009 735 3092 magni
756 3008 842 3074 illius
864 3010 949 3092 regis
976 3011 1153 3073 adventum.
1196 3006 1286 3072 Sicut
1308 3009 1392 3072 enim
1413 3029 1512 3090 parra
1531 3020 1569 3075 18

151 3111 185 3166 25
203 3108 341 3174 scintilla
365 3111 407 3173 ad
428 3109 625 3193 splendorem
652 3108 729 3173 solis
750 3111 878 3174 admota
899 3108 1088 3185 absumitur,
1118 3107 1192 3172 ilico
1216 3128 1273 3171 nec
1295 3109 1437 3189 adparet;
1468 3107 1513 3170 ita

204 3210 350 3273 universa
372 3213 526 3286 creatura,
555 3208 657 3274 omnis
678 3209 857 3292 prophetia,
880 3213 993 3273 cuncta
1015 3207 1159 3284 amentia,
1190 3207 1353 3271 universae
1374 3205 1512 3289 linguae,
1632 3216 1637 3225 ’

204 3309 286 3373 sicut
307 3309 449 3392 superius
467 3309 611 3382 diximus
633 3311 841 3373 destruentur.
877 3308 940 3373 Sed
955 3310 1029 3392 quia
1045 3306 1188 3371 caelestis
1203 3305 1288 3388 regis
1303 3305 1512 3388 praesentiam
1533 3323 1572 3378 14

204 3409 312 3491 paucis
333 3409 437 3473 verbis
456 3412 487 3473 et
508 3408 674 3493 fragilibus
697 3413 729 3472 et
748 3408 839 3473 valde
860 3408 978 3472 infimis
1001 3429 1155 3490 exponere
1176 3429 1241 3471 non
1269 3403 1354 3469 valet
1376 3404 1513 3469 humana

205 3511 329 3585 natura,
360 3513 395 3572 ut
420 3509 555 3574 fortasse
581 3513 762 3574 sanctorum
792 3507 905 3573 debeat
935 3529 1002 3572 esse
1029 3511 1060 3571 et
1081 3505 1172 3570 valde
1193 3504 1362 3588 dignorum
1383 3506 1422 3567 de
1443 3504 1513 3586 ipso

155 3608 189 3663 30
206 3606 325 3691 aliquid
356 3630 510 3686 enarrare,
539 3613 643 3673 tamen
673 3608 869 3672 necessitatis
901 3628 996 3671 causa
1025 3608 1086 3670 ista
1115 3625 1166 3669 me
1196 3603 1317 3668 sufficit
1345 3602 1521 3687 protulisse

206 3708 300 3772 huius
320 3708 548 3791 inportunitate
570 3707 766 3791 conpulsum,
789 3708 836 3773 uti
856 3709 953 3772 istum
975 3705 1065 3772 vobis
1087 3704 1190 3790 qualis
1206 3709 1288 3770 esset
1309 3703 1515 3768 ostenderem.

289 3806 374 3873 XLII
397 3807 596 3891 (XXXVIII).
637 3806 665 3871 E
711 3827 769 3891 ego
801 3807 929 3891 quidem
960 3804 1103 3870 beatifico
1125 3803 1317 3870 Marcionem
1348 3808 1379 3867 et
1399 3800 1516 3866 Valen-

207 3909 363 3973 tinianum
385 3930 422 3973 ac
442 3907 615 3972 Basilidom
637 3907 779 3990 aliosque
800 3906 966 3984 hereticos,
987 3906 1070 3970 sicut
1090 3905 1181 3971 istius
1203 3904 1438 3986 conparatione,
1461 3901 1516 3984 qui

294 4058 331 4113 lb
350 4057 425 4112 Rom.
444 4060 469 4121 8,
487 4059 529 4112 21.
547 4058 581 4112 ‘22

296 4192 352 4247 ΟΜ

294 4309 456 4378 11111Ι11111
473 4312 548 4365 letata
565 4329 594 4367 se
611 4311 820 4380 phaeacum
842 4317 847 4377 Ι
871 4310 968 4381 dipsa]
982 4310 1100 4364 curiata
1111 4307 1231 4362 corr.0²
1254 4310 1257 4374 Ι
1283 4303 1518 4373 31111ΙΜιεαφιί,

210 4394 257 4449 aed
278 4395 333 4450 cM
361 4396 365 4464 Ι
401 4396 609 4452 ifortassesO
639 4399 643 4463 Ι
677 4397 770 4452 811011
787 4397 836 4464 ita]
857 4395 923 4450 notu
944 4395 992 4461 ΟΙ
1021 4395 1058 4449 lb
1077 4393 1207 4460 sacratos]
1227 4394 1337 4447 sanctos
1356 4390 1388 4443 Μ
1417 4392 1421 4458 Ι
1453 4393 1519 4444 tunc

210 4492 244 4541 <
262 4482 295 4535 Μ
323 4485 327 4552 Ι
360 4481 496 4550 univorsa]
523 4498 576 4535 cca
598 4482 724 4537 uniuersa
750 4481 818 4535 obire
835 4481 900 4534 Rus.
916 4478 1006 4548 ylea'clz
1025 4495 1093 4531 cerr.
1115 4478 1138 4532 0
1145 4482 1152 4514 ¹
1185 4478 1189 4543 Ι
1222 4477 1261 4532 24
1288 4476 1386 4531 horum
1404 4485 1437 4535 <
1456 4474 1489 4527 Μ
1515 4476 1518 4541 Ι

210 4565 295 4634 illius]
314 4585 340 4622 a.
358 4567 424 4621 Rae.
442 4567 476 4621 Μ
504 4569 509 4635 Ι
542 4568 581 4624 25
600 4567 748 4621 assumitur·
769 4568 791 4620 Ο
813 4568 817 4634 Ι
850 4567 889 4620 29
909 4566 948 4633 ut]
968 4562 1068 4619 1111111
1096 4565 1101 4629 Ι
1134 4563 1171 4617 cl
1200 4562 1280 4630 esset]
1307 4560 1409 4615 esseC
1438 4560 1443 4626 Ι
1480 4559 1518 4612 32

211 4651 448 4721 Valentinianum]
476 4653 518 4706 dic
541 4651 723 4721 gercdbnle'cbe
741 4650 824 4704 Fortu
851 4651 938 4704 cimaea
956 4648 1078 4701 Numana
1100 4645 1184 4714 findet
1201 4645 1260 4698 aiod
1280 4645 1320 4697 im
1339 4644 1456 4711 Anbarrp
1473 4642 1521 4696 der·

211 4740 280 4791 Aeto
297 4739 329 4792 iu
348 4736 381 4791 Μ
408 4740 413 4806 Ι
446 4740 486 4793 tt
504 4738 709 4808 conparatione]
729 4736 871 4807 paratione
892 4736 915 4790 C
