3726 5568
344 545 383 607 66
908 533 1093 604 Hegemonius

342 710 457 769 Inttera
477 709 559 769 enirn
580 708 696 783 suadit,
716 708 844 785 spiritus
864 714 965 769 eumn
985 709 1123 784 vivificat.
1170 708 1255 777 Quod
1275 708 1305 767 si
1321 709 1526 768 ministerium
1547 709 1654 767 mortis
1671 709 1688 762 2

343 811 378 869 in
399 810 503 869 lituris
523 809 688 885 immatura
709 809 745 868 ia
766 808 917 885 lapidibus
936 809 1052 884 saetam
1072 814 1116 868 est
1139 809 1174 868 in
1198 808 1307 883 ylario,
1329 809 1372 867 ita
1393 815 1509 869 utnon
1530 815 1655 885 possent

343 910 491 970 intendere
511 909 572 986 atti
584 909 710 969 Istrahel
722 909 757 968 in
770 908 878 984 sacrem
892 908 993 984 Moysi
1007 913 1129 985 propter
1147 908 1276 983 pueram
1296 909 1399 968 uultus
1419 909 1492 983 eius,
1514 927 1589 986 quoe
1606 909 1652 967 de·

343 1010 483 1081 struitur,
505 1009 653 1087 quomoda
675 1026 739 1068 non
759 1007 858 1084 mauis
878 1007 1082 1067 ministerium
1097 1008 1225 1085 spiritus
1239 1008 1294 1067 erit
1312 1008 1348 1068 in
1365 1008 1484 1083 910111ιὲ
1516 1007 1554 1068 st
1573 1008 1652 1067 enirn

310 1109 548 1169 anennoeton
568 1108 773 1168 damnationis
800 1107 898 1184 pieria
927 1113 981 1180 est,
1011 1107 1105 1167 mutto
1134 1108 1232 1183 moyes
1261 1107 1423 1168 abundabit
1449 1108 1654 1167 minesterinrn

343 1208 477 1268 insudas
497 1208 537 1267 od
555 1207 691 1284 glaream.
733 1206 835 1284 Neque
856 1206 937 1266 enirn
957 1204 1158 1284 purificatum
1178 1212 1221 1267 est
1246 1207 1326 1284 qino
1347 1206 1514 1283 ploriosurn
1538 1207 1689 1284 sument

344 1308 441 1367 estin
461 1309 516 1368 troo
531 1312 625 1385 porte,
642 1313 765 1384 propter
785 1325 851 1365 eam
872 1326 946 1384 quae
969 1308 1168 1384 supereminet
1185 1307 1332 1383 plorum
1353 1308 1383 1366 si
1402 1308 1484 1367 enim
1507 1307 1587 1385 quod
1607 1309 1653 1367 cte·

344 1408 475 1469 struitur
499 1425 556 1483 per
583 1407 724 1483 pieriam,
746 1407 841 1466 mutto
870 1407 972 1482 scapis
992 1407 1071 1483 quod
1099 1413 1200 1466 nannet
1219 1407 1254 1466 in
1283 1406 1379 1482 ylario
1400 1412 1449 1466 est.
1493 1401 1554 1468 Sed
1576 1404 1654 1467 haec

345 1504 482 1588 quidem,
504 1503 675 1584 sicutipse
698 1501 789 1579 nosti,
811 1500 845 1565 in
867 1502 1003 1566 secunda
1024 1504 1065 1565 ad
1086 1501 1266 1567 Corinthios
1293 1501 1436 1585 epistula
1479 1503 1579 1566 Addit
1600 1524 1653 1566 au·
1673 1507 1690 1562 4

295 1614 328 1666 lb
345 1609 410 1668 tem
432 1625 470 1667 ex
491 1602 593 1686 prima
615 1599 759 1684 epistula,
780 1604 921 1665 terrenos
943 1623 1011 1666 esse
1026 1601 1132 1666 dicens
1152 1600 1325 1684 discipulos
1339 1603 1453 1666 veteris
1475 1603 1655 1667 tastamenti

346 1708 377 1769 et
398 1702 549 1767 animales
580 1705 612 1765 et
640 1700 712 1765 ideo
743 1721 870 1764 carnem
900 1705 932 1764 et
962 1700 1149 1785 sanguinem
1175 1720 1306 1784 regnum
1333 1701 1384 1765 dei
1411 1701 1570 1784 possidere
1592 1724 1655 1767 non

345 1824 445 1888 possa.
488 1800 597 1885 Ipsum
619 1821 746 1884 quoque
768 1799 903 1865 Paulum
925 1822 963 1864 ex
985 1801 1113 1883 propria
1134 1823 1191 1865 sua
1212 1822 1346 1882 persona
1368 1801 1492 1866 dicebat
1513 1804 1690 1867 adsereret)

346 1905 379 1967 id
401 1904 488 1987 quod
506 1902 563 1967 ait:
586 1904 623 1965 st
643 1923 766 1982 eaquae
780 1904 915 1964 desitum
935 1905 1044 1964 iterum
1058 1904 1190 1981 unifico,
1207 1906 1472 1980 promaneotorem
1487 1924 1532 1965 me
1545 1906 1655 1965 cointi-

346 2014 414 2081 tuo,·
433 2004 489 2066 sed
510 2005 543 2065 et
563 1999 643 2063 illud
665 2002 798 2064 eundem
825 1998 929 2082 ipsum
961 2000 1192 2064 evidentissime
1225 2002 1263 2064 de
1294 2000 1396 2064 carnis
1418 2002 1655 2067 circumcisione

295 2113 328 2163 15
346 2102 475 2179 dixisse3
506 2122 570 2165 non
600 2120 667 2163 csse
697 2096 846 2163 iudaeum
877 2120 949 2164 eum
971 2100 1027 2182 qui
1048 2098 1098 2181 <in
1119 2099 1287 2165 manifesto
1309 2103 1357 2164 est
1378 2122 1481 2185 neque
1503 2100 1600 2184 quaa>
1622 2099 1655 2164 in

344 2202 514 2266 manifesto
544 2199 576 2263 in
608 2219 701 2263 carne
732 2202 779 2262 ost
809 2198 1007 2265 circumcisio
1041 2219 1144 2282 neque
1174 2200 1346 2263 secundum
1382 2199 1518 2264 litteram
1550 2199 1654 2283 legem

346 2303 517 2386 quicquam
538 2298 686 2363 utilitatis
708 2297 850 2361 retinere.
893 2296 1087 2363 strumum
1113 2301 1200 2381 quod
1220 2297 1382 2363 Abraham
1408 2304 1491 2364 babet
1515 2304 1690 2379 pariant

345 2406 396 2465 sut
415 2423 479 2464 own
499 2403 581 2479 apud
606 2402 712 2471 deum;
743 2400 962 2463 taubrmmodo
993 2397 1188 2482 agnitionem
1217 2398 1339 2482 peccati
1368 2421 1425 2483 per
1453 2398 1556 2483 legem
1578 2398 1655 2465 lieri

347 2500 408 2566 Sed
431 2503 462 2563 et
483 2497 546 2562 alin
568 2497 669 2561 multa
688 2497 754 2579 legi
775 2495 954 2561 obtrectans
976 2497 1141 2576 inserebat,
1164 2520 1201 2562 eo
1226 2501 1312 2582 quod
1332 2498 1384 2563 lex
1406 2501 1476 2583 ipsa
1490 2502 1655 2581 peccatum

296 2613 330 2666 20
347 2599 396 2669 sit.
427 2598 461 2661 in
492 2596 607 2681 quibus
637 2595 796 2679 simplices
828 2596 955 2680 quique,
986 2597 1108 2661 dicente
1130 2619 1175 2676 eo,
1197 2599 1417 2678 movebantur3
1449 2601 1480 2661 et
1500 2622 1597 2679 nsque
1617 2602 1688 2661 adt

349 2702 512 2763 tatannorn
533 2695 631 2780 igitur
652 2694 757 2760 aiebat
779 2702 824 2761 lea
844 2706 869 2760 et
887 2700 1064 2777 prophetae·
1085 2696 1189 2762 aiebat
1210 2701 1314 2761 autem
1329 2696 1501 2762 Iohannem
1522 2716 1655 2781 regnum

347 2797 505 2863 caelorum
526 2796 720 2880 praedicare,
742 2819 815 2861 nam
838 2800 869 2860 et
889 2795 1065 2861 abscisione
1087 2796 1199 2880 capitis
1221 2795 1288 2862 eius
1311 2797 1372 2862 bos
1392 2818 1460 2862 esse
1481 2795 1655 2861 indicatum

348 2899 442 2980 quod
464 2895 610 2960 omnibus
632 2895 791 2979 prioribus
820 2900 852 2960 et
881 2895 1097 2979 superioribas
1127 2895 1194 2960 eius
1219 2895 1362 2974 abscisis,
1392 2896 1567 2978 posteriora
1587 2895 1656 2962 sola

348 2998 500 3061 servanda
521 2993 592 3059 sint
634 2997 685 3059 Ad
707 2996 786 3059 haec
805 2994 904 3078 igitur
923 2995 1028 3076 nobis,
1054 3018 1073 3061 o
1095 2984 1330 3079 religiosissime
1352 2995 1520 3072 trabales,
1546 2995 1655 3079 paucis
1673 3008 1690 3063 8

297 3109 330 3162 to
349 3094 498 3177 rescribe3
530 3094 636 3158 audivi
666 3093 750 3160 enim
780 3116 845 3158 non
870 3095 1028 3160 mediocre
1058 3093 1117 3159 tibi
1147 3115 1214 3158 esse
1236 3093 1268 3157 in
1289 3094 1406 3159 talibus
1428 3096 1582 3177 studium;
1605 3095 1654 3159 dei

348 3195 432 3285 enim
454 3198 571 3261 donum
602 3198 650 3258 est
679 3194 797 3258 idcirco
825 3197 911 3276 quod
942 3193 1047 3279 dignis
1070 3197 1101 3258 et
1131 3193 1240 3258 amieis
1270 3194 1335 3258 suis
1356 3192 1479 3278 sibique
1500 3195 1656 3278 propositi

348 3297 497 3361 societate
519 3293 696 3359 coniunctis
719 3295 796 3357 deus
811 3295 909 3357 donat
922 3294 999 3357 haec
1013 3286 1151 3357 munera
1190 3291 1345 3358 Nostrum
1367 3295 1451 3358 enim
1473 3299 1521 3358 est
1540 3316 1655 3377 propo·

347 3397 444 3462 situm
465 3414 652 3478 praeparare
674 3396 706 3456 et
726 3391 888 3475 proximos
909 3392 980 3456 fieri
1000 3393 1155 3477 benignae
1170 3415 1207 3457 ac
1222 3392 1312 3457 diviti
1330 3394 1437 3471 menti,
1459 3396 1491 3457 et
1505 3393 1655 3457 continuo

347 3496 386 3560 ab
418 3518 454 3561 ea
483 3492 662 3577 largissima
693 3513 823 3556 munera
853 3494 1082 3576 consequimur.
1125 3491 1281 3569 Quoniam
1311 3511 1388 3576 argo
1410 3491 1442 3557 in
1464 3491 1504 3557 iis
1525 3497 1600 3558 roto
1622 3495 1689 3559 att

296 3612 330 3666 30
347 3594 509 3679 proposito
531 3614 601 3657 meo
622 3590 777 3656 sermonis
799 3614 860 3656 non
883 3590 1002 3656 sufficit
1023 3593 1157 3657 eruditio
1172 3591 1316 3676 (idiotam
1335 3593 1418 3657 enim
1433 3613 1484 3656 me
1499 3613 1565 3656 esse
1580 3612 1654 3656 con·

347 3693 451 3776 fiteor)
474 3696 514 3757 ad
536 3690 671 3768 tamisi,
693 3689 776 3755 sicut
797 3690 922 3774 saepius
944 3692 1017 3767 dixi,
1039 3691 1232 3775 quaestionis
1254 3691 1347 3756 buius
1362 3690 1575 3756 exolutionem
1589 3689 1655 3773 pls·

431 3906 717 3973 2111013135-
737 3905 772 3960 ll
793 3905 806 3958 l
825 3903 890 3958 Kar.
909 3908 949 3971 15,
969 3908 1002 3960 50
1019 3906 1283 3973 -111181218
1309 3936 1343 3944 —
1370 3906 1408 3961 lt
1433 3905 1511 3963 Rom.
1529 3906 1552 3969 2,
1571 3904 1606 3960 28
1622 3935 1655 3944 -

348 3995 383 4050 17
404 3994 482 4049 Rom.
498 3996 524 4059 4,
542 3993 559 4046 2
576 4021 609 4031 -
629 3991 667 4047 18
685 3990 763 4046 Rom.
781 3992 805 4050 8,
824 3990 858 4046 20
875 4015 908 4028 -
927 3989 967 4043 20
984 3989 1083 4045 Matth.
1103 3992 1143 4056 11,
1162 3991 1202 4045 13.
1232 3989 1300 4044 Lulr.
1319 3992 1359 4054 16,
1379 3992 1411 4045 16

434 4159 490 4216 OM

433 4312 448 4367 1
478 4309 585 4365 occidet
614 4310 638 4365 0
674 4312 679 4377 Ι
712 4311 730 4366 2
753 4310 911 4378 formatum]
940 4310 1089 4365 formarum
1118 4308 1142 4363 O
1171 4308 1175 4375 Ι
1208 4308 1227 4362 a
1258 4307 1328 4363 mosi
1357 4308 1381 4363 O
1410 4309 1414 4374 1
1451 4305 1606 4361 destruatur
1634 4305 1658 4360 G

347 4400 351 4468 1
384 4395 616 4452 1ᾶθε1ωθ1υτθ
644 4396 649 4464 1
683 4395 721 4450 14
749 4394 829 4449 illum
852 4394 940 4462 ploiek
966 4394 999 4447 in
1025 4392 1097 4448 illud
1122 4408 1190 4447 coru.
1212 4392 1250 4447 0¹
1290 4396 1295 4460 Ι
1337 4392 1375 4448 15
1402 4392 1432 4446 in
1458 4390 1604 4445 manifesto
1623 4431 1655 4443 ..

347 4499 419 4551 quae
435 4490 469 4541 <
490 4480 549 4548 OM,
567 4479 710 4533 semies
726 4496 778 4533 ron
795 4478 919 4546 Zabam
950 4480 954 4547 1
989 4478 1027 4533 lt
1051 4475 1256 4532 circumcisione
1274 4476 1371 4546 queO
1400 4478 1404 4544 1
1439 4475 1475 4531 11
1500 4475 1614 4530 abraam
1635 4474 1658 4528 O

347 4567 350 4635 1
382 4566 422 4621 20
439 4566 602 4621 moueantur
620 4561 654 4616 Μ
681 4564 686 4631 1
719 4563 758 4619 22
777 4562 958 4618 abscisionem
979 4562 1035 4617 OM
1062 4563 1067 4628 1
1100 4562 1139 4618 25
1161 4560 1307 4629 mediocre]
1330 4559 1549 4615 mediocriterO
1578 4560 1582 4627 1
1614 4557 1655 4614 28

347 4666 508 4722 praeparare
525 4652 555 4704 st
571 4646 720 4718 proximos]
746 4650 903 4719 prepararet
923 4646 1107 4718 proximasti
1137 4649 1142 4714 1
1174 4646 1216 4715 ac]
1244 4645 1341 4700 hacO
1369 4646 1374 4713 1
1407 4645 1446 4699 29
1468 4642 1512 4713 iis]
1530 4642 1573 4698 his
1591 4642 1626 4697 Μ
1652 4644 1655 4711 1

347 4733 478 4791 tiberim
495 4742 529 4793 <
550 4732 573 4788 0
