3726 5568
670 539 742 592 Acta
760 535 890 593 Archelai
906 535 1131 593 XXV-XXVII.
1509 541 1549 604 39

234 707 311 772 tatis
332 707 374 771 sit
394 705 485 773 ratio.
530 704 646 771 Verum
669 728 753 771 nunc
773 729 837 772 non
860 711 908 772 est
928 705 1006 772 mihi
1028 709 1067 771 de
1087 706 1137 771 his
1159 704 1335 783 dicendum,
1357 714 1586 790 quamquamo

235 807 446 872 necessarium
467 805 623 885 videatur,
653 828 728 870 nam
748 804 829 871 illud
851 811 899 872 est
920 810 1007 892 quod
1028 807 1178 891 petimus:
1205 805 1276 890 quis
1298 809 1346 871 est
1368 804 1423 888 qui
1445 808 1549 869 extru-

235 906 317 972 xerit
337 927 462 970 murum
478 906 519 969 ad
540 904 769 989 designandum
783 904 1031 990 uniuscuiusque
1046 906 1216 972 terminum
1231 905 1342 990 regni?
1367 903 1443 972 Non
1458 904 1548 969 diffe-

236 1012 297 1084 rat;
327 1004 402 1071 nolo
424 1008 565 1069 moretur
585 1005 639 1069 hic
664 1005 817 1088 perfidus,
848 1008 905 1072 ssd
933 1007 999 1072 iam
1025 1005 1213 1072 confiteatur
1237 1004 1398 1070 dualitatis
1419 1025 1495 1070 suae
1515 1005 1550 1069 in

201 1114 335 1170 cunum
354 1104 493 1169 refusam
514 1124 582 1170 esse
603 1103 822 1171 substantiam.
864 1106 925 1172 Dic
955 1125 1014 1191 age
1036 1127 1228 1189 quemquam
1250 1104 1305 1189 qui
1326 1106 1466 1170 medium
1497 1127 1549 1170 ex·
1569 1117 1584 1173 7

235 1204 369 1270 traxerit
389 1226 523 1269 murum.
572 1202 657 1281 Quid
678 1204 793 1288 agebat
813 1203 906 1285 alter,
934 1205 1032 1271 altero
1054 1206 1250 1270 instruente?
1285 1204 1473 1270 Dormiebat
1494 1209 1550 1269 aut

235 1304 404 1390 ignorabat
424 1307 479 1367 aut
500 1304 644 1368 resistere
665 1326 730 1370 non
750 1304 851 1370 valuit
872 1310 927 1370 aut
948 1307 1051 1390 pretio
1074 1305 1251 1371 concessit?
1279 1303 1342 1370 Dio
1356 1305 1434 1389 quid
1455 1304 1550 1370 fecie-

235 1402 362 1469 batuel
384 1403 455 1486 quis
477 1407 526 1468 cst
545 1403 673 1469 omnino
696 1406 751 1487 qui
766 1404 912 1471 extruxit
954 1403 1022 1471 Vos
1038 1406 1196 1488 deprecor,
1217 1404 1346 1483 iudices,
1370 1425 1450 1488 quos
1473 1407 1550 1469 dens

236 1504 418 1589 plenissime
439 1502 576 1586 repletos
597 1503 761 1569 intellectu
782 1504 882 1584 misit,
906 1507 998 1570 vobis
1025 1505 1109 1570 dicat
1136 1504 1207 1588 quis
1234 1528 1272 1570 ex
1298 1505 1422 1570 duobus
1444 1508 1550 1569 extru-

185 1614 219 1667 10
235 1604 318 1668 xerit
339 1607 371 1667 et
392 1603 470 1686 quid
491 1604 606 1687 agebat
626 1624 708 1668 unus
731 1626 802 1669 cum
824 1603 904 1669 alter
926 1603 1106 1669 extruxerit

319 1700 441 1768 XXVII
463 1700 602 1783 (XXIV).
624 1701 756 1768 Iunrcss
769 1723 955 1769 n1xnausn:
978 1704 1040 1769 Dic
1061 1703 1162 1785 nobis,
1184 1703 1337 1782 oManes,
1359 1703 1430 1787 quis
1446 1704 1550 1786 desig-

236 1802 359 1867 naverit
379 1803 458 1867 fines
480 1801 643 1886 utriusque
666 1803 764 1888 regni,
786 1804 858 1886 quis
879 1826 1005 1868 murum
1027 1803 1139 1868 fecerit
1160 1804 1319 1869 medium?
1346 1803 1408 1869 Pro
1433 1821 1549 1887 magno

237 1901 321 1967 enim
341 1900 516 1967 Archelaus
538 1901 818 1986 interrogationem
839 1903 951 1968 haberi
964 1904 1060 1967 huius
1077 1904 1232 1969 sermonis
1247 1903 1397 1987 exposcit
1431 1902 1586 1966 Marem

237 2022 347 2068 urxrn:
372 2001 483 2067 Bonus
514 2004 590 2066 deus
617 2007 649 2067 et
669 2001 750 2066 nihil
771 2002 891 2067 habens
914 2023 1080 2067 commune
1102 2024 1175 2067 cum
1197 2001 1290 2081 malo,
1317 2002 1550 2067 firmamentum

185 2103 345 2186 reposuit
369 2101 403 2164 in
425 2101 542 2180 medio,
573 2124 637 2186 quo
667 2103 805 2168 alienum
834 2125 853 2166 a
882 2123 915 2167 se
946 2106 978 2166 et
1007 2106 1187 2185 separatum
1216 2102 1334 2168 faceret
1364 2101 1548 2187 malignum.

238 2201 442 2265 Ancnnnrus
462 2220 571 2266 nrxrr:
594 2201 770 2286 Usquequo
792 2203 947 2287 dignitate
970 2202 1107 2268 nominis
1128 2203 1292 2268 mentiris?
1312 2201 1416 2269 Deum
1432 2201 1587 2267 etenimt
1693 2247 1697 2255 .

237 2299 437 2366 solummodo
466 2302 593 2367 nomine
622 2301 763 2386 appelles
794 2306 825 2366 et
852 2302 1000 2367 deitatem
1021 2301 1122 2385 ipsius
1143 2302 1290 2368 humanis
1311 2300 1549 2368 infirmitatibus

238 2420 399 2484 conpares.
441 2400 624 2485 Aliquando
646 2423 684 2466 ex
705 2423 769 2466 non
792 2403 979 2480 extantibus,
1000 2390 1173 2486 aliquando
1195 2424 1233 2467 ex
1257 2401 1399 2468 subiecta
1417 2401 1550 2466 materia

239 2522 319 2583 quae
342 2501 471 2583 quidem
492 2504 564 2563 ante
586 2521 619 2564 se
634 2501 738 2580 fuerit,
760 2502 880 2567 adseris
895 2502 1078 2579 extruxisse,
1100 2505 1137 2565 ut
1150 2503 1293 2567 homines
1308 2501 1412 2567 solent
1426 2506 1549 2567 extruc-

186 2614 222 2668 20
238 2605 331 2666 tores.
373 2598 535 2664 Interdum
562 2601 657 2665 etiam
680 2623 752 2665 eum
777 2600 937 2678 timidum,
959 2601 1117 2665 interdum
1139 2607 1172 2666 et
1193 2602 1434 2668 conversibilem
1456 2602 1548 2676 dicis;

239 2699 290 2763 dei
321 2703 369 2764 est
394 2699 478 2763 enim
500 2718 593 2784 agere
616 2721 697 2783 quae
719 2701 769 2764 dei
796 2705 882 2773 sunt,
912 2699 1049 2766 hominis
1081 2722 1154 2765 vero
1186 2724 1267 2784 quae
1296 2703 1435 2766 humana
1465 2704 1547 2765 sunt

239 2798 273 2863 Si
295 2818 371 2883 ergo
392 2800 482 2876 deus,
503 2799 615 2873 uteie,
637 2821 763 2864 murum
786 2800 970 2872 construxit
1001 2800 1149 2864 timidum
1180 2822 1213 2865 se
1234 2801 1288 2865 bic
1310 2807 1341 2865 et
1358 2800 1438 2866 nihil
1459 2798 1586 2866 forti-4

239 2898 357 2963 tudinis
383 2921 416 2963 se
446 2897 561 2962 habere
592 2899 746 2982 designat
790 2897 914 2964 Scimus
942 2901 1025 2964 enim
1051 2919 1175 2982 semper
1196 2921 1250 2965 eos
1272 2902 1328 2984 qui
1349 2886 1556 2984 suspicantur

239 2998 279 3063 ab
305 2998 462 3063 extraneis
492 2998 553 3062 sibi
583 2997 674 3064 dolos
703 3000 826 3063 intendi
856 3004 952 3082 atque
981 2999 1121 3065 hostium
1151 3004 1298 3066 verentur
1326 3000 1457 3065 insidias
1488 3000 1549 3082 ipsi

185 3110 221 3164 25
238 3097 342 3164 solent
370 3099 463 3162 urbes
494 3120 566 3162 suas
596 3099 696 3163 muris
726 3099 934 3180 circumdare3
965 3099 999 3162 in
1031 3122 1095 3183 quo
1126 3103 1158 3163 et
1187 3099 1401 3183 ignorantiam
1432 3100 1550 3164 habent

237 3198 355 3281 pariter
384 3202 479 3281 atque
509 3196 767 3263 inbeocillitatem
798 3199 847 3263 aui
877 3200 1055 3264 ostendunt.
1102 3198 1165 3264 Sed
1195 3221 1235 3264 ne
1264 3198 1343 3263 illud
1376 3200 1504 3283 quidem
1532 3206 1587 3262 at

238 3297 330 3363 nobis
351 3299 547 3363 reticendum
569 3301 624 3370 est,
646 3298 724 3381 quin
744 3297 852 3381 potius
873 3299 907 3362 in
928 3300 1068 3364 medium
1082 3297 1313 3381 proferendum,
1334 3304 1371 3363 ut
1389 3320 1427 3363 ex
1448 3298 1550 3363 multa

238 3398 452 3462 adsertionum
474 3398 566 3480 copia
587 3398 857 3462 machinationum
879 3397 1051 3462 adversarii
1072 3394 1237 3463 diversitas
1253 3398 1439 3478 destruatur,
1461 3398 1549 3461 auxi·

237 3495 318 3560 lium
339 3496 432 3561 nobis
453 3496 573 3560 ferente
595 3497 734 3562 verimte.
777 3495 994 3562 Concedamus
1016 3499 1207 3561 structuram
1228 3496 1346 3561 factam
1369 3519 1437 3562 esse
1457 3498 1550 3574 muri,
1567 3508 1587 3559 o

186 3607 221 3665 30
239 3617 319 3680 quae
339 3598 379 3659 ed
400 3596 622 3661 discretionem
644 3601 727 3661 esset
755 3596 1003 3679 uniuscuiusque
1035 3596 1139 3679 regni:
1170 3596 1356 3680 inpossibile
1387 3597 1471 3663 enim
1502 3603 1550 3663 est

238 3696 305 3760 sine
325 3694 388 3761 hoc
409 3718 473 3760 uno
487 3695 603 3759 habere
617 3716 873 3779 unumquemque
887 3696 1052 3779 proprium
1066 3714 1212 3780 regnum3
1235 3700 1346 3762 eodem
1360 3718 1434 3763 sero
1454 3699 1549 3763 modo

237 3793 423 3877 inpossibile
453 3799 501 3858 est
531 3798 564 3858 et
588 3793 764 3878 malignum
786 3816 948 3880 egressum
972 3797 1109 3880 propriis
1130 3795 1248 3862 finibus
1275 3799 1352 3862 boni
1373 3800 1480 3881 partes
1501 3797 1549 3861 in-

237 3896 363 3973 vadere,
392 3894 476 3957 muri
505 3894 727 3960 interdictione
757 3900 934 3976 constante,
964 3897 1026 3961 nisi
1051 3896 1133 3962 forte
1159 3897 1247 3981 prius
1270 3898 1436 3975 deiciatur,
1466 3896 1550 3961 sicut

238 3992 413 4057 audivimus
435 3994 474 4057 ab
496 3992 640 4058 hostibus
660 3993 729 4058 fieri
750 4000 846 4079 atque
868 3995 962 4060 etiam
979 3995 1079 4061 oculis
1094 3995 1211 4062 nostris
1225 4018 1326 4079 nuper
1340 3996 1548 4079 adspeximus.

326 4107 379 4161 CM

322 4211 340 4265 2
369 4210 445 4279 nam]
471 4210 639 4279 sequendum
667 4211 701 4264 M
735 4216 739 4280 Ι
780 4213 823 4267 est
851 4212 921 4266 illud
948 4213 979 4266 M
1004 4233 1039 4261 ω
1066 4212 1115 4266 M²
1156 4216 1161 4280 1
1203 4213 1221 4268 8
1247 4213 1366 4281 differat}
1394 4212 1503 4267 dherat
1528 4212 1552 4266 0

237 4293 368 4348 ricuardi
394 4295 446 4348 mit
464 4295 547 4348 Recbt
579 4298 583 4362 Ι
616 4296 634 4352 t
661 4298 836 4366 quemquam]
865 4297 927 4367 quis
954 4300 995 4351 ast
1017 4296 1052 4350 Μ
1082 4300 1086 4365 Ι
1124 4300 1142 4354 t
1165 4298 1235 4352 alter
1253 4337 1259 4351 .
1277 4338 1284 4352 .
1303 4296 1457 4353 dormiebat
1474 4297 1553 4356 <0

236 4378 301 4433 ilter
321 4378 366 4433 die
387 4379 458 4433 Zoilo
481 4379 650 4447 perdometur
673 4382 711 4435 0²
742 4385 746 4448 Ι
778 4384 922 4437 extruente
939 4381 975 4434 M
1002 4384 1007 4448 Ι
1039 4382 1058 4437 11
1081 4381 1248 4453 plenissime]
1270 4400 1314 4437 me
1340 4381 1489 4449 cibe-speech.
1511 4382 1547 4434 0¹

237 4464 241 4533 Ι
270 4463 354 4535 dicat]
372 4463 493 4519 iudicate
515 4482 540 4518 a.
559 4464 626 4519 Rus.
644 4482 695 4519 uon
716 4470 783 4520 deco
805 4466 876 4533 seins
888 4465 1000 4521 Bactri.
1015 4467 1187 4535 pescbrieten
1208 4468 1246 4521 0²
1278 4470 1281 4535 Ι
1315 4468 1351 4522 11
1377 4464 1446 4536 quis]
1465 4484 1478 4520 s
1495 4482 1548 4519 aus

107 4587 114 4600 .
240 4548 317 4605 Cor-r.
333 4549 468 4604 crethictt
485 4566 538 4604 aus
549 4550 581 4615 b,
604 4550 627 4603 (’
647 4550 652 4618 Ι
677 4551 714 4606 15
733 4554 762 4606 et
778 4551 946 4622 separatum]
965 4568 1023 4606 csse
1040 4555 1150 4621 parturn
1164 4553 1188 4607 0
1207 4557 1211 4622 Ι
1237 4553 1274 4608 ld
1293 4551 1446 4621 dignitate.
1458 4592 1463 4603 .
1473 4568 1547 4605 man·

236 4632 306 4703 tiris]
325 4636 384 4689 tate
401 4633 521 4691 nominis
541 4653 569 4688 m
586 4652 612 4688 α.
630 4634 697 4690 Ros.
715 4635 749 4688 M
769 4636 774 4703 1
800 4634 838 4690 18
855 4634 1000 4692 exubiecta
1016 4636 1040 4689 C
1059 4638 1063 4704 Ι
1088 4640 1126 4694 21
1147 4636 1220 4691 enim
1239 4640 1281 4692 est
1297 4636 1331 4690 M
1346 4656 1381 4686 ω
1399 4635 1434 4692 M
1437 4640 1448 4675 ²
1470 4637 1475 4704 Ι
1499 4635 1546 4693 ho·

236 4717 367 4774 minesC
395 4720 401 4786 Ι
434 4720 473 4775 22
499 4718 594 4778 hic<
613 4719 647 4773 M
675 4722 679 4787 Ι
713 4720 751 4776 25
775 4720 891 4774 mnric‘
919 4722 924 4789 Ι
948 4720 987 4774 21
1007 4722 1156 4777 multasC
1183 4724 1188 4790 Ι
1221 4721 1257 4777 31
1278 4722 1343 4792 unc]
1362 4737 1440 4776 muro
1457 4721 1549 4776 Rmue
