3726 5568
639 528 711 580 ,iou
728 524 858 582 Archelai
875 525 1124 581 rrum-xxxi.
1504 533 1544 596 43

234 698 350 773 dimus,
381 696 504 779 reliqua
529 719 609 781 quae
634 718 691 779 per
713 698 794 762 hanc
814 697 1038 762 adserebantur
1068 716 1140 760 cum
1170 695 1240 778 ipsa
1269 695 1387 778 pariter
1416 692 1546 778 explosa

234 802 315 862 sunt
345 794 406 861 Sed
427 796 460 860 in
480 797 587 880 ipsum
609 798 664 879 qui
686 798 775 860 adest
795 798 939 862 adsertor
958 797 1073 862 horum
1087 795 1197 878 paucis
1212 795 1325 872 dicam,
1347 797 1384 858 ut
1398 796 1582 860 omnibus2

234 899 414 963 innotescat
435 897 507 980 quis
529 900 561 960 et
581 900 665 961 unde
686 900 719 962 et
740 894 844 979 qualis
866 900 925 974 est3
953 897 1076 961 dixerat
1096 895 1181 960 enim
1203 916 1237 960 sc
1259 914 1327 960 esse
1347 894 1546 978 paracletum

234 998 325 1063 illum
356 1018 451 1081 quem
472 994 561 1061 lesus
590 996 795 1081 proficiscens
820 995 959 1063 humano
990 994 1099 1080 generi
1127 995 1299 1060 missurum
1329 1013 1362 1057 se
1383 1016 1451 1059 esse
1472 1016 1545 1079 pro·

169 1136 172 1140 ›
199 1100 364 1164 omiserat
386 1100 426 1161 ad
448 1096 581 1162 salutem
603 1095 745 1162 fidelium
772 1098 949 1162 animarum
981 1099 1012 1161 et
1040 1117 1105 1160 non
1125 1093 1222 1178 longe
1242 1095 1345 1177 possit
1376 1095 1404 1159 ei
1426 1094 1545 1160 Paulus

233 1219 290 1262 vas
311 1195 475 1262 electionis
497 1199 529 1262 ot
549 1199 681 1262 vocatus
703 1195 875 1281 apostolus,
895 1197 1026 1260 undeet
1046 1196 1232 1278 praedicans
1247 1215 1353 1258 veram
1369 1194 1546 1259 doctrinam

235 1298 352 1362 aiebat:
387 1302 450 1361 Aut
470 1301 680 1361 dooumerdm
700 1300 845 1379 quaeritis
865 1300 928 1359 aas
949 1301 1004 1377 qui
1023 1300 1058 1359 iu
1082 1317 1130 1358 mc
1151 1298 1284 1376 loquitur
1308 1297 1470 1359 Christus?
1502 1291 1583 1359 Est

235 1397 364 1480 quidem
395 1398 480 1479 quod
509 1397 582 1462 dico
604 1396 662 1460 tali
684 1396 827 1480 exemplo
849 1396 906 1460 fiet
926 1395 1051 1460 clarius.
1093 1393 1199 1459 Homo
1231 1395 1360 1476 quidam
1391 1393 1546 1459 conclusit

234 1498 266 1561 in
289 1497 437 1561 thesauro
459 1494 610 1559 frumenti
631 1493 814 1578 plurimum,
834 1496 881 1560 ita
901 1499 939 1559 ut
959 1494 1094 1559 refertus
1108 1497 1192 1559 esset
1209 1492 1307 1568 locus,
1330 1514 1425 1577 quem
1439 1492 1545 1560 locum

184 1604 217 1658 ld
236 1596 378 1661 clausum
408 1598 505 1678 atque
535 1595 696 1679 signatum
725 1593 958 1660 sufficientibus
988 1593 1161 1678 signaculis
1192 1593 1343 1659 custodiri
1372 1595 1544 1676 praecopit3

235 1697 304 1779 ipse
325 1695 472 1761 dominus
503 1714 577 1759 vero
609 1694 716 1770 cessit;
745 1693 826 1758 alius
857 1698 962 1759 autem
990 1696 1120 1777 quidam
1140 1696 1215 1777 post
1234 1692 1370 1758 multum
1392 1694 1583 1776 temperies

235 1795 363 1859 advenit
379 1796 418 1857 ad
440 1795 632 1871 thesaurum,
654 1793 761 1858 dicens
782 1814 815 1857 se
837 1792 877 1857 ab
900 1815 937 1859 eo
961 1794 1016 1876 qui
1037 1792 1209 1877 signaculis
1227 1791 1333 1858 locum
1349 1792 1546 1859 concluserat

234 1895 366 1959 missum
390 1895 431 1957 ad
451 1894 524 1971 hoc,
554 1897 591 1957 ut
616 1894 712 1957 etiem
733 1895 801 1976 ipsc
823 1894 856 1957 in
887 1894 1021 1957 eundem
1044 1893 1228 1957 thesaurum
1249 1893 1391 1956 triticum
1415 1911 1545 1975 congre-

235 1996 332 2076 garet.
375 1991 476 2069 Quem
500 2014 573 2057 cum
594 1992 746 2058 vidissent
767 1996 922 2072 custodes,
943 1993 1117 2074 poscebant
1138 1995 1177 2057 ab
1200 2013 1237 2058 co
1259 1991 1417 2076 signaculi
1439 1991 1544 2069 fidem,
1565 2000 1583 2053 5

184 2102 217 2155 15
235 2112 299 2174 quo
325 2096 455 2174 possent
485 2092 514 2157 ei
535 2091 683 2157 videlicet
705 2093 825 2175 aperire
855 2094 1038 2156 thesaurum
1068 2096 1099 2157 et
1120 2113 1230 2175 parere
1261 2091 1290 2154 ei
1320 2095 1483 2174 tamquam
1505 2089 1544 2154 ab

234 2189 291 2256 illo
314 2191 370 2274 qui
391 2193 571 2275 signaverat
591 2191 702 2270 miss03
732 2193 788 2275 qui
810 2214 882 2257 cum
903 2213 1006 2274 neque
1028 2191 1132 2257 claves
1159 2193 1336 2258 ostenderet
1356 2213 1460 2275 neque
1481 2191 1544 2275 sig-

233 2289 420 2355 naculorum
442 2290 538 2356 fidem
559 2292 696 2357 deferret
716 2290 830 2376 (neque
851 2291 935 2356 enim
950 2291 1086 2356 habebat
1100 2291 1171 2372 ius),
1193 2289 1411 2356 acustodibus
1426 2291 1545 2355 eiectus

234 2393 283 2453 est
304 2393 336 2453 et
357 2388 499 2473 fugatus3
520 2391 573 2455 fur
594 2390 678 2455 enim
700 2391 806 2475 potius
828 2397 860 2456 et
879 2391 962 2456 latro
985 2390 1024 2456 ab
1047 2393 1092 2456 eis
1114 2413 1181 2457 csse
1196 2391 1449 2475 deprehenditur,
1472 2402 1582 2456 con-t

234 2489 338 2553 victus
368 2493 400 2555 ot
430 2491 619 2573 coniugatus
647 2492 742 2556 etiam
764 2513 802 2556 ex
823 2491 895 2569 hoc,
927 2495 1011 2576 quod
1041 2497 1115 2574 post
1144 2491 1281 2556 multum
1302 2495 1427 2574 tempus
1450 2513 1545 2574 quam

183 2603 218 2658 20
234 2589 427 2672 promissum
448 2588 559 2669 fuerat,
581 2593 689 2656 adesse
712 2591 876 2669 desideret,
899 2613 1001 2675 neque
1017 2591 1120 2656 claves
1142 2612 1244 2674 neque
1258 2590 1423 2675 signacula
1442 2612 1546 2674 neque

234 2687 338 2753 ullum
359 2690 490 2755 omnino
513 2689 697 2756 custodibus
726 2692 880 2756 indicium
902 2690 1055 2769 deferens,
1076 2714 1140 2755 non
1165 2690 1373 2773 quantitatem
1395 2691 1546 2755 frumenti

233 2789 390 2854 reconditi
412 2788 525 2869 sciens3
547 2810 628 2873 quae
649 2791 757 2855 omnia
778 2789 947 2855 manifesta
967 2789 1085 2854 indicia
1097 2794 1172 2855 sunt
1192 2811 1392 2873 nequaquam
1414 2812 1486 2855 eum
1505 2792 1545 2855 ab

233 2885 291 2954 illo
313 2909 381 2953 esse
402 2889 635 2967 transmissum,
662 2894 694 2953 et
714 2889 785 2956 ideo
807 2894 1037 2973 consequenter
1057 2911 1077 2954 a
1100 2889 1284 2955 custodibus
1312 2889 1467 2955 refutatus
1490 2895 1545 2955 est.

316 2985 420 3052 XXXI
441 2986 596 3071 (XXVII).
617 2988 717 3054 Aliud
738 2991 841 3069 etiam,
863 2992 891 3055 si
914 2989 1045 3068 videtur,
1066 2988 1201 3055 dicimus
1216 2988 1401 3074 exemplum
1437 2988 1544 3056 Homo

180 3101 215 3155 25
234 3086 364 3170 quidam
386 3087 614 3170 paterfamilias
636 3090 723 3153 dives
742 3089 925 3173 plurimum,
947 3092 987 3153 ad
1008 3094 1134 3173 tempus
1148 3108 1280 3173 peregre
1295 3090 1449 3166 afuturus,
1470 3088 1544 3153 filiis

233 3187 299 3253 suis
327 3187 491 3271 pollicitus
514 3192 562 3255 cst
583 3190 753 3254 missurum
775 3210 808 3253 se
830 3211 898 3255 esso
919 3189 1017 3254 alium
1039 3191 1094 3273 qui
1115 3211 1173 3273 pro
1203 3210 1237 3254 se
1267 3189 1470 3254 distribueret
1500 3189 1544 3255 eis

233 3310 271 3352 ex
293 3309 394 3371 aequo
418 3288 635 3354 substantiam.
678 3289 721 3354 Et
742 3289 870 3372 quidem
891 3312 955 3355 non
977 3287 1078 3354 multo
1100 3293 1173 3372 post
1193 3290 1282 3354 misit
1298 3290 1426 3353 beatum
1441 3289 1544 3352 virum
1564 3301 1581 3355 2

234 3390 391 3472 quendam
413 3388 531 3453 iustum
554 3394 586 3453 et
614 3410 739 3469 verum,
770 3390 825 3472 qui
852 3411 923 3454 cum
949 3389 1098 3465 venisset,
1128 3393 1275 3472 suscepta
1303 3387 1449 3453 universa
1471 3386 1544 3452 sub-

233 3488 363 3565 stantia,
390 3489 494 3571 primo
522 3491 665 3554 omnium
691 3489 846 3553 instrucre
869 3510 939 3569 earn
961 3511 998 3552 ac
1019 3507 1129 3571 regere
1150 3490 1285 3567 studuit,
1307 3488 1454 3552 laborans
1475 3486 1545 3571 plu·

183 3598 217 3653 30
233 3588 350 3651 rimum
379 3588 413 3651 in
443 3586 621 3666 itineribus,
652 3590 763 3653 sedens
784 3587 852 3671 ipse
877 3609 935 3671 per
956 3610 989 3653 se
1016 3589 1081 3652 suis
1103 3588 1249 3652 manibus
1271 3608 1351 3671 opus
1373 3587 1492 3651 faciens
1515 3591 1545 3650 et

233 3685 425 3752 ministrans.
466 3686 589 3752 Deinde
612 3689 695 3752 diem
717 3689 861 3753 obiturus
883 3675 1108 3752 testamentum
1130 3687 1247 3768 scribit,
1269 3686 1456 3770 propinquis
1480 3687 1582 3757 suisa

235 3790 267 3851 et
285 3787 439 3870 proximis
461 3787 608 3853 omnibus
629 3787 835 3852 hereditatem
858 3785 1087 3870 derelinquens,
1110 3792 1141 3852 ct
1162 3786 1325 3871 signacula
1346 3787 1433 3850 dedit
1454 3787 1546 3850 cisat

234 3887 422 3952 nominatim
452 3886 596 3970 singulos
632 3908 809 3952 convocans
843 3886 1005 3970 praecepit
1036 3887 1080 3951 eis
1110 3909 1234 3953 servare
1269 3887 1477 3950 hereditatem
1515 3890 1546 3949 et

321 4001 336 4057 7
356 4002 382 4055 Π
400 4002 464 4057 Kor.
484 4004 525 4069 13,
543 4003 559 4057 3

322 4102 375 4158 CM

317 4205 382 4262 bet
400 4244 407 4259 .
426 4244 432 4259 .
450 4204 548 4275 possit]
574 4204 617 4259 die
637 4206 714 4260 Stella
736 4205 776 4260 ist
797 4206 955 4270 verdorbem
983 4210 1050 4259 awa
1075 4208 1218 4275 tamquam
1244 4206 1269 4259 si
1293 4222 1351 4260 non
1367 4204 1451 4274 longe
1468 4221 1545 4274 prae·

234 4290 346 4345 acuerit
367 4289 476 4356 flach,
493 4293 599 4346 utnon
617 4290 701 4361 longe
718 4290 977 4360 postsithcoqui
1008 4294 1013 4360 Ι
1048 4290 1186 4359 legebat
1206 4290 1253 4357 Ol
1288 4288 1324 4345 ll
1344 4288 1543 4357 dominnleu·

234 4374 324 4443 σαρκί,
343 4374 409 4428 deus
430 4374 485 4428 CM
507 4378 512 4442 Ι
546 4375 583 4430 15
601 4375 746 4445 possintO
775 4375 780 4443 Ι
814 4375 853 4431 12
871 4375 918 4444 qui
936 4392 999 4429 cum
1016 4375 1115 4444 neque]
1134 4375 1299 4444 quicumque
1321 4375 1369 4441 Ol
1396 4374 1432 4430 lu
1451 4375 1544 4428 contu·

235 4459 325 4529 gatus]
344 4459 501 4513 confutatus
517 4459 641 4528 Zueopui
671 4460 676 4528 l
709 4460 749 4515 22
766 4458 909 4528 desideret]
931 4476 960 4512 se
982 4457 1087 4513 diceret
1102 4458 1137 4512 Μ
1165 4460 1170 4526 Ι
1203 4459 1242 4514 22
1261 4457 1359 4529 scens]
1382 4459 1469 4513 sioens
1491 4459 1514 4514 0
1540 4460 1544 4526 l

235 4543 273 4600 22
299 4542 372 4597 nack
388 4546 588 4613 cousequenter
605 4550 637 4607 -l-
656 4542 760 4598 eratC
788 4544 793 4611 l
824 4541 865 4597 24
882 4542 907 4596 si
924 4541 1034 4598 uidetur
1052 4542 1137 4597 etiam
1154 4543 1189 4596 Μ
1200 4542 1331 4600 corr.d1²
1353 4545 1359 4611 Ι
1381 4542 1419 4599 25
1437 4544 1545 4598 futurus

234 4628 269 4682 Μ
296 4630 302 4698 Ι
335 4628 372 4685 22
392 4627 514 4698 beatum]
533 4630 621 4683 tutum
646 4628 669 4683 0
697 4629 701 4694 Ι
735 4627 775 4682 22
793 4627 896 4695 verum]
915 4626 1050 4682 uirumo
1078 4629 1082 4695 Ι
1116 4627 1156 4684 22
1182 4626 1289 4696 sedens]
1312 4627 1360 4682 sad
1377 4630 1406 4682 ct
1421 4628 1546 4696 Zucoqui

235 4712 325 4783 22122
352 4711 497 4782 signacula
514 4752 521 4766 .
540 4752 546 4764 .
565 4711 729 4767 nominatim
746 4711 873 4765 ammai
885 4711 1018 4780 oresti]
1047 4715 1053 4781 Ι
1086 4713 1125 4768 22
1144 4710 1299 4782 singulaO
