3726 5568
330 533 370 593 46
894 521 1080 593 Hegemonius

330 702 382 758 lea.
433 693 476 758 nt
501 694 623 759 intuere
653 692 890 757 multitudinem
924 691 1034 775 legum
1063 711 1119 773 per
1149 687 1292 773 singulos
1331 690 1445 767 iustos,
1476 689 1532 771 qni
1560 687 1678 753 bones

330 796 467 875 agebant
492 795 587 858 vitam
609 815 711 868 suam,
733 813 817 857 nnnc
842 812 880 856 ex
900 795 1000 856 semet
1025 792 1103 874 ipsis
1129 791 1324 873 proferentes
1349 790 1384 853 in
1405 788 1552 854 cordibus
1574 788 1641 853 suis

330 892 458 957 insitam
486 895 537 958 dei
558 892 674 976 legem,
705 913 789 957 nunc
811 915 829 956 a
850 890 985 975 propriis
1015 888 1198 974 parentibus
1228 890 1435 974 inquirentes,
1465 889 1639 972 aliquando

330 993 425 1057 etiam
446 994 486 1056 ab
508 993 742 1076 antiquioribus
772 996 804 1055 et
833 991 1010 1057 senioribus
1041 990 1247 1055 addiscentes.
1290 988 1410 1053 Verum
1440 990 1516 1073 quia
1545 989 1677 1072 paucib

295 1098 386 1176 oper
407 1093 491 1156 hunc
521 1095 651 1157 modum
677 1094 824 1176 poterant
850 1093 889 1154 ad
914 1091 1055 1155 iustitiae
1082 1088 1207 1153 culmen
1233 1092 1413 1167 ascendere,
1442 1089 1477 1153 id
1507 1092 1555 1152 est
1583 1109 1641 1171 per

329 1196 495 1276 parentum
517 1192 710 1270 traditiones,
730 1190 820 1255 nulla
839 1190 874 1254 in
887 1189 1002 1255 litteris
1015 1189 1087 1273 lege
1102 1189 1288 1273 conscripta,
1310 1189 1476 1253 miseratus
1501 1191 1548 1254 est
1562 1190 1641 1252 deus

331 1294 504 1355 humanum
524 1310 624 1375 genus
647 1296 679 1356 et
699 1291 849 1375 scriptam
874 1289 979 1374 legem
1000 1311 1057 1373 per
1078 1289 1210 1373 Moysen
1232 1290 1334 1355 voluit
1354 1288 1535 1354 hominibus
1557 1290 1640 1367 dare,

331 1391 481 1475 quoniam
503 1391 632 1474 quidem
653 1411 717 1454 non
739 1391 880 1473 adprime
895 1391 929 1453 in
943 1390 1092 1455 cordibus
1108 1411 1217 1455 eorum
1234 1388 1387 1453 naturalis
1401 1388 1481 1472 legis
1497 1388 1640 1470 aequitas

330 1490 532 1556 retinebatur.
575 1489 722 1555 Consona
752 1489 852 1572 igitur
880 1490 1001 1572 primae
1031 1491 1200 1555 creationis
1225 1489 1381 1552 humanae
1408 1487 1445 1552 fit
1470 1487 1504 1551 in
1525 1486 1639 1552 litteris
1661 1500 1700 1555 10

278 1600 312 1652 10
329 1590 502 1675 legislatio,
533 1612 613 1674 quae
638 1611 695 1673 per
716 1589 849 1672 Moysen
871 1591 964 1653 detur
985 1588 1096 1654 salutis
1118 1611 1214 1654 cansa
1235 1587 1455 1672 plurimorum.
1497 1585 1533 1651 Si
1554 1587 1639 1651 enim

330 1692 532 1756 aestimamus
558 1690 719 1754 hominem
749 1689 817 1753 sine
843 1689 991 1771 operibus
1012 1688 1094 1772 legis
1115 1688 1281 1754 iustificari
1311 1691 1343 1752 et
1364 1686 1526 1752 Abrabam
1546 1708 1639 1770 repu-

329 1796 414 1855 tatus
437 1794 485 1855 est
505 1790 622 1868 iustus,
644 1792 763 1872 quanto
785 1789 887 1871 magis
908 1787 944 1863 ii,
972 1790 1027 1872 qui
1049 1787 1278 1871 adinpleverint
1292 1787 1403 1870 ‘legem
1426 1786 1640 1851 continentem

330 1912 366 1953 ea
382 1911 463 1973 quae
477 1888 660 1955 hominibus
676 1890 854 1972 expediunt,
874 1888 1028 1952 iustitiam
1044 1892 1292 1972 consequentur?
1319 1885 1362 1951 Et
1376 1888 1528 1970 quoniam
1542 1887 1640 1950 trium
1661 1906 1698 1960 11

329 1990 530 2055 solummodo
564 2010 745 2054 sermonum
780 1986 972 2053 mentionem
1001 1988 1117 2065 fecisti,
1149 1990 1187 2051 de
1218 1987 1334 2070 quibus
1356 1985 1520 2069 apostolus
1551 1985 1640 2065 dixit,

279 2094 532 2153 warimbertum
561 2094 668 2152 mortis
697 2111 759 2151 esse
790 2092 879 2167 leyem
909 2091 940 2150 et
969 2091 1124 2151 Christian
1153 2091 1309 2150 redemisse
1337 2108 1395 2149 aaa
1423 2089 1457 2149 de
1485 2090 1639 2150 emledicto

331 2196 406 2269 repe,
428 2193 460 2267 et
481 2188 631 2271 quoniam
651 2193 746 2251 virtus
761 2193 874 2268 peccati
895 2203 935 2251 est
956 2192 1007 2264 les,
1030 2189 1109 2250 adde
1129 2188 1240 2265 adhuc,
1263 2191 1294 2250 et
1308 2185 1360 2250 dic
1384 2189 1641 2268 quantacumque

330 2289 389 2353 tibi
412 2289 558 2353 videntur
579 2290 746 2351 adversum
767 2284 870 2369 legem
893 2308 960 2351 esse
982 2286 1169 2368 conscripta.

413 2385 549 2451 XXXIII
570 2384 708 2468 (XXIX).
743 2384 862 2450 Manus
883 2403 991 2450 nrum:
1021 2385 1072 2449 An
1103 2387 1272 2451 nunidem
1294 2389 1353 2462 est,
1385 2385 1471 2467 quod
1492 2383 1580 2451 Iesus
1601 2386 1642 2448 ad

331 2487 503 2570 discipulos
531 2486 635 2551 aiebat
655 2486 835 2550 incredulos
861 2505 915 2550 eos
937 2506 1005 2551 esse
1027 2487 1257 2550 demonstrans:
1288 2490 1347 2549 Vos
1367 2507 1403 2548 ea
1417 2494 1505 2565 patre
1525 2488 1640 2548 diabolo

279 2597 314 2651 20
332 2591 401 2650 este's
421 2596 449 2650 et
468 2591 612 2650 denaria
629 2591 728 2665 patris
746 2590 836 2649 aazia
855 2589 949 2664 faeere
965 2589 1080 2649 calcia?
1101 2582 1173 2651 Hoc
1193 2585 1304 2668 utiquc
1326 2583 1411 2660 dicit,
1434 2583 1509 2667 quia
1524 2587 1643 2666 quanta

332 2685 468 2751 voluerit
488 2685 646 2769 malignus
671 2685 817 2768 princeps
847 2685 940 2750 buius
971 2687 1083 2750 mundi
1112 2689 1144 2749 et
1173 2688 1292 2768 quanta
1321 2683 1556 2763 desideraverit,
1585 2704 1643 2766 per

332 2785 464 2869 Moysen
485 2785 646 2868 scripserit
668 2788 699 2849 et
719 2785 841 2849 dederit
859 2785 1041 2850 bominibus
1063 2784 1215 2849 facienda
1257 2787 1309 2849 ue
1329 2788 1412 2847 enim
1431 2786 1581 2847 Marasdu
1599 2794 1644 2847 eet
1660 2799 1678 2852 2

331 2889 367 2948 ab
388 2891 471 2949 initio
493 2896 521 2948 et
538 2890 574 2948 in
594 2890 711 2954 emble
730 2907 794 2949 aon
814 2889 904 2963 stetit,
931 2889 1072 2966 quoniam
1092 2889 1200 2949 ventae
1223 2888 1260 2947 ia
1281 2905 1313 2947 eo
1338 2905 1402 2946 aaa
1427 2892 1481 2962 est;
1508 2905 1577 2947 cam
1598 2886 1641 2945 lo·

332 2989 437 3065 quitor
456 2990 657 3061 owndncium,
680 2990 714 3049 de
733 2992 798 3048 sais
814 2989 950 3065 propriis
971 2989 1113 3066 loquitur,
1139 2987 1286 3065 pacarem
1306 2987 1435 3047 mendas
1455 2992 1499 3046 est
1518 2987 1597 3046 sicea
1615 2993 1643 3045 et

280 3094 313 3148 25
327 3095 412 3166 paea
432 3089 505 3148 eius.
548 3085 752 3148 maenius
773 3104 883 3150 nrxru:
916 3083 1113 3148 sufficientia
1134 3082 1194 3148 tibi
1215 3084 1294 3147 haec
1314 3085 1400 3161 sunt,
1429 3104 1469 3145 an
1490 3082 1587 3146 babos
1609 3086 1678 3155 ete

332 3183 394 3248 alia
416 3205 497 3266 quae
520 3183 624 3248 dicas?
658 3183 777 3248 Mesae
797 3202 909 3248 nnxrn:
931 3182 1042 3249 Habeo
1059 3182 1186 3267 quidem
1198 3182 1299 3247 multe
1320 3187 1352 3248 et
1373 3183 1486 3248 horum
1507 3180 1641 3255 maiora;

331 3286 386 3348 sed
401 3283 450 3347 his
466 3287 631 3349 contentus
647 3305 709 3349 ero.
749 3284 954 3348 mouendus
972 3301 1083 3349 nrxru:
1104 3279 1295 3365 Exemplum
1310 3281 1432 3346 scilicet
1446 3281 1640 3365 accipiamus
1657 3300 1678 3355 4

331 3404 368 3446 ex
389 3384 439 3447 his
461 3405 569 3448 eorum
591 3405 672 3467 quae
692 3384 808 3449 habere
829 3387 861 3448 te
887 3384 979 3462 dicis,
1009 3386 1045 3446 ut
1074 3403 1149 3447 cum
1177 3382 1256 3446 baec
1281 3386 1364 3446 recta
1386 3382 1492 3465 posite
1521 3380 1641 3445 fuerint

330 3481 468 3559 inventa,
500 3482 595 3547 etiam
617 3483 739 3566 reliqua
759 3505 833 3549 cum
853 3484 903 3548 bis
925 3484 1184 3563 adnumerentur3
1214 3482 1265 3545 sin
1285 3482 1403 3560 minus,
1425 3503 1478 3548 ero
1500 3500 1560 3564 ego
1583 3482 1640 3547 ob·

279 3588 314 3643 30
330 3583 443 3645 noxius
469 3584 642 3647 sententiae
667 3584 819 3661 indicum,
848 3584 882 3647 id
909 3586 957 3648 est
986 3582 1061 3646 victi
1088 3581 1296 3664 ignominiam
1327 3579 1435 3645 feram.
1477 3582 1536 3645 Ais
1562 3599 1676 3664 argos

329 3680 540 3745 ministerium
567 3683 679 3746 mortis
714 3704 781 3747 esse
811 3681 928 3765 legem,
963 3686 995 3746 et
1024 3682 1199 3764 principem
1229 3682 1322 3746 huius
1358 3682 1469 3746 mundi
1504 3685 1639 3746 mortem

329 3797 460 3862 regnare
481 3781 520 3844 ab
544 3781 647 3844 Adam
670 3803 770 3866 nsque
792 3785 832 3845 ad
853 3780 998 3865 Moysen,
1026 3781 1179 3864 scriptum
1201 3784 1248 3844 est
1270 3780 1365 3845 enim:
1396 3786 1538 3861 Reqraaeit
1557 3804 1638 3845 mors

417 3910 456 3966 la
480 3910 539 3965 We'e
556 3929 583 3965 ee
601 3913 705 3967 seboim
725 3914 803 3968 denlst
821 3914 971 3968 Arclrebaus
989 3930 1027 3968 aa
1043 3914 1121 3968 aem.
1139 3916 1164 3977 3,
1182 3910 1244 3968 28st
1268 3943 1301 3951 —
1328 3913 1365 3968 15
1392 3912 1418 3965 ΙΙ
1436 3912 1500 3967 Kor.
1519 3878 1577 3977 a?
1603 3940 1639 3952 -

331 3995 390 4050 Gal.
410 3996 850 4065 3,13—161K0r.15,oo-
870 4000 908 4054 lu
927 3998 988 4054 Joh.
1006 3998 1074 4064 8,44
1092 4028 1125 4037 -
1143 3999 1182 4053 22
1201 3996 1261 4052 Jou
1279 3997 1304 4061 8,
1322 4000 1356 4051 44
1373 4026 1407 4037 -
1425 3997 1463 4052 112
1482 3996 1559 4052 Rom.
1569 3999 1593 4064 o,
1604 3999 1638 4050 14

418 4098 474 4152 ΟΜ

414 4199 432 4253 2
450 4202 546 4271 semet]
565 4205 639 4258 emet
660 4202 683 4258 Ο
705 4203 710 4269 Ι
741 4201 760 4257 5
779 4201 1048 4272 modum12am9ne',
1067 4200 1198 4255 mnndum
1219 4201 1275 4257 ΟΜ
1293 4201 1298 4269 Ι
1324 4202 1338 4256 1
1359 4217 1454 4255 mosen
1470 4201 1521 4255 wie
1537 4201 1639 4255 imeres·

329 4283 400 4335 bea'm
417 4283 566 4339 damnatio
588 4288 611 4341 Ο
640 4290 643 4355 Ι
678 4289 714 4344 11
734 4286 868 4342 habraam
890 4286 913 4340 0
935 4288 940 4354 Ι
968 4287 1005 4341 12
1024 4286 1065 4340 hii
1086 4286 1142 4341 OM
1160 4287 1165 4356 Ι
1190 4288 1228 4342 lu
1246 4285 1349 4355 aiebat]
1367 4285 1514 4355 agebatO
1542 4287 1546 4353 Ι
1579 4284 1637 4354 vos]

327 4383 382 4421 nox
404 4367 427 4420 Ο
450 4369 454 4434 Ι
487 4369 523 4424 20
540 4387 555 4424 e
572 4373 625 4426 mit
641 4373 731 4426 anem
749 4370 841 4427 Stasea
858 4371 976 4424 dordber
990 4371 1080 4439 pleielr
1097 4371 1130 4424 a'a
1147 4371 1213 4425 estis
1231 4388 1300 4424 corr.
1314 4370 1351 4425 Ο1
1382 4372 1387 4438 Ι
1420 4370 1459 4425 22
1484 4372 1513 4425 ct
1531 4369 1639 4425 dederit

329 4462 362 4511 <
379 4451 413 4504 Μ
441 4455 445 4520 Ι
479 4454 518 4509 28
544 4456 737 4511 ueritatemO
764 4457 768 4524 Ι
800 4473 857 4510 non
882 4455 964 4523 (nect
991 4458 1043 4525 eo)]
1070 4455 1220 4524 etberyescb.
1238 4454 1286 4509 M²
1317 4456 1321 4522 Ι
1352 4454 1424 4509 nacla
1451 4472 1513 4509 oum
1532 4463 1564 4519 -Ι-
1581 4473 1637 4511 non

329 4541 431 4605 (apator
452 4540 618 4608 auerade'eed)
640 4542 664 4597 Ο
690 4541 695 4609 Ι
727 4541 765 4597 st
793 4539 967 4609 sufficientia]
985 4541 1082 4608 Roma,
1100 4541 1202 4595 sufficit
1218 4539 1273 4594 ΟΜ
1285 4539 1416 4594 oaelbicbt
1432 4539 1638 4595 sufficiunttibi

328 4624 399 4677 hacc
417 4640 453 4676 an
469 4640 536 4678 aare.
561 4628 564 4694 Ι
589 4626 628 4683 28
647 4643 709 4679 cnm
728 4626 800 4685 <O
820 4627 824 4693 Ι
854 4626 889 4681 81
910 4625 982 4678 arach
1000 4624 1096 4681 mundi
1115 4633 1147 4688 Ι-
1163 4642 1212 4695 per
1232 4624 1266 4678 Μ
1288 4626 1292 4693 Ι
1321 4625 1451 4695 82Ι47,1
1471 4625 1637 4696 regnavit..

328 4724 440 4774 moysen
459 4718 493 4769 <
514 4709 537 4763 Ο
