<?xml version="1.0" encoding="UTF-8"?>
<!DOCTYPE html PUBLIC "-//W3C//DTD XHTML 1.0 Transitional//EN"
    "http://www.w3.org/TR/xhtml1/DTD/xhtml1-transitional.dtd">
<html xmlns="http://www.w3.org/1999/xhtml" xml:lang="en" lang="en">
 <head>
  <title>
</title>
<meta http-equiv="Content-Type" content="text/html;charset=utf-8" />
  <meta name='ocr-system' content='tesseract 3.04.00' />
  <meta name='ocr-capabilities' content='ocr_page ocr_carea ocr_par ocr_line ocrx_word'/>
</head>
<body>
  <div class='ocr_page' id='page_1' title='image "./diegriechischen05wissgoog_0157.png"; bbox 0 0 3726 5568; ppageno 0'>
   <div class='ocr_carea' id='block_1_1' title="bbox 640 506 1529 579">
    <p class='ocr_par' dir='ltr' id='par_1_1' title="bbox 640 506 1529 579">
     <span class='ocr_line' id='line_1_1' title="bbox 640 506 1529 579; baseline 0.001 -18"><span class='ocrx_word' id='word_1_1' title='bbox 640 509 712 563; x_wconf 71' lang='lat' dir='ltr'><strong>nea</strong></span> <span class='ocrx_word' id='word_1_2' title='bbox 723 506 1109 567; x_wconf 73' lang='lat' dir='ltr'><strong>moneanxvnnxvur.</strong></span> <span class='ocrx_word' id='word_1_3' title='bbox 1490 517 1529 579; x_wconf 83' lang='lat'><strong>97</strong></span> 
     </span>
    </p>
   </div>
   <div class='ocr_carea' id='block_1_2' title="bbox 111 672 1588 3450">
    <p class='ocr_par' dir='ltr' id='par_1_2' title="bbox 222 672 1570 1062">
     <span class='ocr_line' id='line_1_2' title="bbox 227 672 1570 763; baseline -0.004 -20"><span class='ocrx_word' id='word_1_4' title='bbox 227 679 322 763; x_wconf 86' lang='lat' dir='ltr'><strong>,ipsis</strong></span> <span class='ocrx_word' id='word_1_5' title='bbox 345 682 442 758; x_wconf 85' lang='lat' dir='ltr'><strong>erant,</strong></span> <span class='ocrx_word' id='word_1_6' title='bbox 464 700 529 743; x_wconf 93' lang='lat' dir='ltr'><strong>non</strong></span> <span class='ocrx_word' id='word_1_7' title='bbox 550 698 630 761; x_wconf 89' lang='lat' dir='ltr'><strong>qnae</strong></span> <span class='ocrx_word' id='word_1_8' title='bbox 646 672 804 763; x_wconf 77' lang='lat' dir='ltr'><strong>(genitae)</strong></span> <span class='ocrx_word' id='word_1_9' title='bbox 820 699 886 743; x_wconf 89' lang='lat' dir='ltr'><strong>esse</strong></span> <span class='ocrx_word' id='word_1_10' title='bbox 908 678 1100 742; x_wconf 74' lang='lat' dir='ltr'><strong>dicebantur.</strong></span> <span class='ocrx_word' id='word_1_11' title='bbox 1136 673 1225 742; x_wconf 91' lang='lat' dir='ltr'><strong>Haec</strong></span> <span class='ocrx_word' id='word_1_12' title='bbox 1239 698 1311 742; x_wconf 90' lang='lat' dir='ltr'><strong>cum</strong></span> <span class='ocrx_word' id='word_1_13' title='bbox 1332 679 1417 760; x_wconf 93' lang='lat' dir='ltr'><strong>apud</strong></span> <span class='ocrx_word' id='word_1_14' title='bbox 1431 682 1530 742; x_wconf 87' lang='lat' dir='ltr'><strong>semet</strong></span> <span class='ocrx_word' id='word_1_15' title='bbox 1549 681 1570 737; x_wconf 81' lang='lat'>8</span> 
     </span>
     <span class='ocr_line' id='line_1_3' title="bbox 227 775 1529 862; baseline -0.002 -18"><span class='ocrx_word' id='word_1_16' title='bbox 227 780 314 862; x_wconf 87' lang='lat' dir='ltr'><strong>,ipsa</strong></span> <span class='ocrx_word' id='word_1_17' title='bbox 335 782 446 859; x_wconf 90' lang='lat' dir='ltr'><strong>essent,</strong></span> <span class='ocrx_word' id='word_1_18' title='bbox 468 778 632 860; x_wconf 88' lang='lat' dir='ltr'><strong>proprium</strong></span> <span class='ocrx_word' id='word_1_19' title='bbox 646 780 894 862; x_wconf 87' lang='lat' dir='ltr'><strong>unumquodque</strong></span> <span class='ocrx_word' id='word_1_20' title='bbox 916 799 1025 842; x_wconf 89' lang='lat' dir='ltr'><strong>eorum</strong></span> <span class='ocrx_word' id='word_1_21' title='bbox 1039 776 1137 840; x_wconf 85' lang='lat' dir='ltr'><strong>vitam</strong></span> <span class='ocrx_word' id='word_1_22' title='bbox 1150 775 1287 860; x_wconf 80' lang='lat' dir='ltr'><strong>agebant</strong></span> <span class='ocrx_word' id='word_1_23' title='bbox 1301 796 1397 860; x_wconf 85' lang='lat' dir='ltr'><strong>quam</strong></span> <span class='ocrx_word' id='word_1_24' title='bbox 1412 775 1529 842; x_wconf 87' lang='lat' dir='ltr'><strong>vallent</strong></span> 
     </span>
     <span class='ocr_line' id='line_1_4' title="bbox 228 877 1532 963; baseline -0.001 -20"><span class='ocrx_word' id='word_1_25' title='bbox 228 884 277 955; x_wconf 89' lang='lat' dir='ltr'><strong>,et</strong></span> <span class='ocrx_word' id='word_1_26' title='bbox 298 878 392 963; x_wconf 88' lang='lat' dir='ltr'><strong>quale</strong></span> <span class='ocrx_word' id='word_1_27' title='bbox 413 877 474 942; x_wconf 92' lang='lat' dir='ltr'><strong>sibi</strong></span> <span class='ocrx_word' id='word_1_28' title='bbox 496 880 690 960; x_wconf 82' lang='lat' dir='ltr'><strong>conpeteret3</strong></span> <span class='ocrx_word' id='word_1_29' title='bbox 720 878 867 942; x_wconf 85' lang='lat' dir='ltr'><strong>omnibus</strong></span> <span class='ocrx_word' id='word_1_30' title='bbox 889 878 972 941; x_wconf 91' lang='lat' dir='ltr'><strong>enim</strong></span> <span class='ocrx_word' id='word_1_31' title='bbox 1003 877 1140 941; x_wconf 89' lang='lat' dir='ltr'><strong>amicum</strong></span> <span class='ocrx_word' id='word_1_32' title='bbox 1173 880 1236 952; x_wconf 89' lang='lat' dir='ltr'><strong>est,</strong></span> <span class='ocrx_word' id='word_1_33' title='bbox 1267 878 1353 959; x_wconf 92' lang='lat' dir='ltr'><strong>quod</strong></span> <span class='ocrx_word' id='word_1_34' title='bbox 1382 881 1431 941; x_wconf 90' lang='lat' dir='ltr'><strong>est</strong></span> <span class='ocrx_word' id='word_1_35' title='bbox 1460 899 1532 961; x_wconf 87' lang='lat' dir='ltr'><strong>pro·</strong></span> 
     </span>
     <span class='ocr_line' id='line_1_5' title="bbox 222 970 1529 1062; baseline -0.002 -19"><span class='ocrx_word' id='word_1_36' title='bbox 222 979 346 1062; x_wconf 89' lang='lat' dir='ltr'><strong>„prium</strong></span> <span class='ocrx_word' id='word_1_37' title='bbox 367 983 400 1042; x_wconf 90' lang='lat' dir='ltr'><strong>et</strong></span> <span class='ocrx_word' id='word_1_38' title='bbox 419 970 501 1042; x_wconf 81' lang='lat' dir='ltr'><strong>nibil</strong></span> <span class='ocrx_word' id='word_1_39' title='bbox 522 976 584 1042; x_wconf 88' lang='lat' dir='ltr'><strong>sibi</strong></span> <span class='ocrx_word' id='word_1_40' title='bbox 605 978 710 1061; x_wconf 90' lang='lat' dir='ltr'><strong>ipsum</strong></span> <span class='ocrx_word' id='word_1_41' title='bbox 731 976 849 1041; x_wconf 90' lang='lat' dir='ltr'><strong>malum</strong></span> <span class='ocrx_word' id='word_1_42' title='bbox 871 978 1003 1042; x_wconf 85' lang='lat' dir='ltr'><strong>videtur.</strong></span> <span class='ocrx_word' id='word_1_43' title='bbox 1046 974 1219 1059; x_wconf 88' lang='lat' dir='ltr'><strong>Postquam</strong></span> <span class='ocrx_word' id='word_1_44' title='bbox 1247 980 1353 1041; x_wconf 88' lang='lat' dir='ltr'><strong>autem</strong></span> <span class='ocrx_word' id='word_1_45' title='bbox 1375 975 1415 1040; x_wconf 91' lang='lat' dir='ltr'><strong>ad</strong></span> <span class='ocrx_word' id='word_1_46' title='bbox 1436 975 1529 1041; x_wconf 90' lang='lat' dir='ltr'><strong>alter·</strong></span> 
     </span>
    </p>

    <p class='ocr_par' dir='ltr' id='par_1_3' title="bbox 186 1074 1566 1559">
     <span class='ocr_line' id='line_1_6' title="bbox 186 1074 1530 1162; baseline 0.001 -23"><span class='ocrx_word' id='word_1_47' title='bbox 186 1086 204 1139; x_wconf 80' lang='lat' dir='ltr'><strong>o</strong></span> <span class='ocrx_word' id='word_1_48' title='bbox 223 1082 348 1158; x_wconf 85' lang='lat' dir='ltr'><strong>„utrum</strong></span> <span class='ocrx_word' id='word_1_49' title='bbox 362 1078 557 1162; x_wconf 76' lang='lat' dir='ltr'><strong>agnitionem</strong></span> <span class='ocrx_word' id='word_1_50' title='bbox 571 1081 704 1161; x_wconf 90' lang='lat' dir='ltr'><strong>uterque</strong></span> <span class='ocrx_word' id='word_1_51' title='bbox 718 1076 861 1160; x_wconf 82' lang='lat' dir='ltr'><strong>pervenit</strong></span> <span class='ocrx_word' id='word_1_52' title='bbox 876 1080 908 1140; x_wconf 90' lang='lat' dir='ltr'><strong>et</strong></span> <span class='ocrx_word' id='word_1_53' title='bbox 921 1076 1068 1141; x_wconf 76' lang='lat' dir='ltr'><strong>tenebrae</strong></span> <span class='ocrx_word' id='word_1_54' title='bbox 1083 1074 1314 1159; x_wconf 73' lang='lat' dir='ltr'><strong>contemplatae</strong></span> <span class='ocrx_word' id='word_1_55' title='bbox 1329 1080 1403 1141; x_wconf 89' lang='lat' dir='ltr'><strong>sunt</strong></span> <span class='ocrx_word' id='word_1_56' title='bbox 1416 1075 1530 1154; x_wconf 88' lang='lat' dir='ltr'><strong>lucem,</strong></span> 
     </span>
     <span class='ocr_line' id='line_1_7' title="bbox 223 1174 1529 1260; baseline -0.001 -18"><span class='ocrx_word' id='word_1_57' title='bbox 223 1183 404 1260; x_wconf 87' lang='lat' dir='ltr'><strong>„tamquam</strong></span> <span class='ocrx_word' id='word_1_58' title='bbox 418 1176 558 1242; x_wconf 89' lang='lat' dir='ltr'><strong>melioris</strong></span> <span class='ocrx_word' id='word_1_59' title='bbox 572 1178 618 1241; x_wconf 91' lang='lat' dir='ltr'><strong>rei</strong></span> <span class='ocrx_word' id='word_1_60' title='bbox 633 1180 759 1260; x_wconf 89' lang='lat' dir='ltr'><strong>sumpta</strong></span> <span class='ocrx_word' id='word_1_61' title='bbox 771 1174 1025 1259; x_wconf 88' lang='lat' dir='ltr'><strong>concupiscentia</strong></span> <span class='ocrx_word' id='word_1_62' title='bbox 1038 1175 1273 1240; x_wconf 88' lang='lat' dir='ltr'><strong>insectabantur</strong></span> <span class='ocrx_word' id='word_1_63' title='bbox 1288 1197 1325 1239; x_wconf 89' lang='lat' dir='ltr'><strong>ea</strong></span> <span class='ocrx_word' id='word_1_64' title='bbox 1334 1181 1366 1241; x_wconf 93' lang='lat' dir='ltr'><strong>et</strong></span> <span class='ocrx_word' id='word_1_65' title='bbox 1375 1176 1529 1242; x_wconf 88' lang='lat' dir='ltr'><strong>ooadmis·</strong></span> 
     </span>
     <span class='ocr_line' id='line_1_8' title="bbox 223 1272 1566 1360; baseline -0.004 -18"><span class='ocrx_word' id='word_1_66' title='bbox 223 1279 305 1355; x_wconf 88' lang='lat' dir='ltr'><strong>,ceri</strong></span> <span class='ocrx_word' id='word_1_67' title='bbox 324 1298 361 1341; x_wconf 89' lang='lat' dir='ltr'><strong>ae</strong></span> <span class='ocrx_word' id='word_1_68' title='bbox 381 1276 564 1360; x_wconf 86' lang='lat' dir='ltr'><strong>participari</strong></span> <span class='ocrx_word' id='word_1_69' title='bbox 586 1279 624 1341; x_wconf 92' lang='lat' dir='ltr'><strong>de</strong></span> <span class='ocrx_word' id='word_1_70' title='bbox 646 1298 684 1340; x_wconf 91' lang='lat' dir='ltr'><strong>ea</strong></span> <span class='ocrx_word' id='word_1_71' title='bbox 705 1275 882 1359; x_wconf 89' lang='lat' dir='ltr'><strong>cupiebant</strong></span> <span class='ocrx_word' id='word_1_72' title='bbox 918 1272 962 1338; x_wconf 82' lang='lat' dir='ltr'><strong>Et</strong></span> <span class='ocrx_word' id='word_1_73' title='bbox 982 1273 1130 1339; x_wconf 88' lang='lat' dir='ltr'><strong>tenebrae</strong></span> <span class='ocrx_word' id='word_1_74' title='bbox 1145 1275 1274 1359; x_wconf 90' lang='lat' dir='ltr'><strong>quidem</strong></span> <span class='ocrx_word' id='word_1_75' title='bbox 1287 1277 1366 1340; x_wconf 89' lang='lat' dir='ltr'><strong>baec</strong></span> <span class='ocrx_word' id='word_1_76' title='bbox 1380 1276 1526 1360; x_wconf 79' lang='lat' dir='ltr'><strong>agebant,</strong></span> <span class='ocrx_word' id='word_1_77' title='bbox 1547 1281 1566 1335; x_wconf 84' lang='grc'><strong>0</strong></span> 
     </span>
     <span class='ocr_line' id='line_1_9' title="bbox 222 1373 1530 1461; baseline 0 -20"><span class='ocrx_word' id='word_1_78' title='bbox 222 1375 295 1455; x_wconf 87' lang='lat' dir='ltr'><strong>,lux</strong></span> <span class='ocrx_word' id='word_1_79' title='bbox 316 1398 391 1441; x_wconf 80' lang='lat' dir='ltr'><strong>vero</strong></span> <span class='ocrx_word' id='word_1_80' title='bbox 412 1397 613 1461; x_wconf 89' lang='lat' dir='ltr'><strong>nequaquam</strong></span> <span class='ocrx_word' id='word_1_81' title='bbox 643 1398 682 1440; x_wconf 87' lang='lat' dir='ltr'><strong>ex</strong></span> <span class='ocrx_word' id='word_1_82' title='bbox 710 1374 848 1441; x_wconf 86' lang='lat' dir='ltr'><strong>tenebris</strong></span> <span class='ocrx_word' id='word_1_83' title='bbox 870 1373 1041 1458; x_wconf 88' lang='lat' dir='ltr'><strong>quiequam</strong></span> <span class='ocrx_word' id='word_1_84' title='bbox 1062 1373 1233 1457; x_wconf 89' lang='lat' dir='ltr'><strong>recipiebat</strong></span> <span class='ocrx_word' id='word_1_85' title='bbox 1261 1375 1296 1438; x_wconf 93' lang='lat' dir='ltr'><strong>in</strong></span> <span class='ocrx_word' id='word_1_86' title='bbox 1317 1396 1386 1440; x_wconf 90' lang='lat' dir='ltr'><strong>sese</strong></span> <span class='ocrx_word' id='word_1_87' title='bbox 1416 1376 1530 1441; x_wconf 90' lang='lat' dir='ltr'><strong>necin</strong></span> 
     </span>
     <span class='ocr_line' id='line_1_10' title="bbox 223 1474 1529 1559; baseline 0.002 -20"><span class='ocrx_word' id='word_1_88' title='bbox 223 1496 348 1553; x_wconf 87' lang='lat' dir='ltr'><strong>„earum</strong></span> <span class='ocrx_word' id='word_1_89' title='bbox 368 1476 557 1541; x_wconf 88' lang='lat' dir='ltr'><strong>desiderium</strong></span> <span class='ocrx_word' id='word_1_90' title='bbox 576 1474 730 1553; x_wconf 88' lang='lat' dir='ltr'><strong>veniebat,</strong></span> <span class='ocrx_word' id='word_1_91' title='bbox 752 1475 970 1539; x_wconf 88' lang='lat' dir='ltr'><strong>tantummodo</strong></span> <span class='ocrx_word' id='word_1_92' title='bbox 984 1476 1070 1558; x_wconf 92' lang='lat' dir='ltr'><strong>qnod</strong></span> <span class='ocrx_word' id='word_1_93' title='bbox 1086 1474 1180 1538; x_wconf 89' lang='lat' dir='ltr'><strong>etiam</strong></span> <span class='ocrx_word' id='word_1_94' title='bbox 1194 1475 1263 1558; x_wconf 89' lang='lat' dir='ltr'><strong>ipsa</strong></span> <span class='ocrx_word' id='word_1_95' title='bbox 1279 1477 1443 1559; x_wconf 84' lang='lat' dir='ltr'><strong>spectandi</strong></span> <span class='ocrx_word' id='word_1_96' title='bbox 1456 1475 1529 1541; x_wconf 93' lang='lat' dir='ltr'><strong>libi·</strong></span> 
     </span>
    </p>

    <p class='ocr_par' dir='ltr' id='par_1_4' title="bbox 169 1572 1588 2057">
     <span class='ocr_line' id='line_1_11' title="bbox 169 1572 1527 1660; baseline 0.006 -27"><span class='ocrx_word' id='word_1_97' title='bbox 169 1580 203 1633; x_wconf 88' lang='lat'><strong>10</strong></span> <span class='ocrx_word' id='word_1_98' title='bbox 222 1575 347 1654; x_wconf 86' lang='lat' dir='ltr'><strong>„dinem</strong></span> <span class='ocrx_word' id='word_1_99' title='bbox 368 1596 461 1658; x_wconf 89' lang='lat' dir='ltr'><strong>passa</strong></span> <span class='ocrx_word' id='word_1_100' title='bbox 482 1580 538 1642; x_wconf 82' lang='lat' dir='ltr'><strong>eat</strong></span> <span class='ocrx_word' id='word_1_101' title='bbox 580 1575 623 1641; x_wconf 82' lang='lat' dir='ltr'><strong>Et</strong></span> <span class='ocrx_word' id='word_1_102' title='bbox 637 1573 766 1660; x_wconf 89' lang='lat' dir='ltr'><strong>quidem</strong></span> <span class='ocrx_word' id='word_1_103' title='bbox 781 1577 812 1638; x_wconf 89' lang='lat' dir='ltr'><strong>et</strong></span> <span class='ocrx_word' id='word_1_104' title='bbox 832 1573 969 1656; x_wconf 80' lang='lat' dir='ltr'><strong>respexit</strong></span> <span class='ocrx_word' id='word_1_105' title='bbox 990 1595 1042 1639; x_wconf 87' lang='lat' dir='ltr'><strong>eas</strong></span> <span class='ocrx_word' id='word_1_106' title='bbox 1064 1572 1152 1638; x_wconf 88' lang='lat' dir='ltr'><strong>velut</strong></span> <span class='ocrx_word' id='word_1_107' title='bbox 1172 1595 1230 1657; x_wconf 90' lang='lat' dir='ltr'><strong>per</strong></span> <span class='ocrx_word' id='word_1_108' title='bbox 1250 1574 1422 1658; x_wconf 84' lang='lat' dir='ltr'><strong>speculum</strong></span> <span class='ocrx_word' id='word_1_109' title='bbox 1464 1574 1527 1640; x_wconf 82' lang='lat' dir='ltr'><strong>En·</strong></span> 
     </span>
     <span class='ocr_line' id='line_1_12' title="bbox 222 1672 1530 1758; baseline 0.002 -21"><span class='ocrx_word' id='word_1_110' title='bbox 222 1673 316 1753; x_wconf 88' lang='lat' dir='ltr'><strong>„fasis</strong></span> <span class='ocrx_word' id='word_1_111' title='bbox 338 1675 443 1758; x_wconf 80' lang='lat' dir='ltr'><strong>igitur,</strong></span> <span class='ocrx_word' id='word_1_112' title='bbox 464 1674 498 1738; x_wconf 93' lang='lat' dir='ltr'><strong>id</strong></span> <span class='ocrx_word' id='word_1_113' title='bbox 519 1678 567 1739; x_wconf 89' lang='lat' dir='ltr'><strong>est</strong></span> <span class='ocrx_word' id='word_1_114' title='bbox 585 1672 674 1740; x_wconf 87' lang='lat' dir='ltr'><strong>color</strong></span> <span class='ocrx_word' id='word_1_115' title='bbox 693 1673 822 1758; x_wconf 86' lang='lat' dir='ltr'><strong>qnidam</strong></span> <span class='ocrx_word' id='word_1_116' title='bbox 842 1672 932 1753; x_wconf 86' lang='lat' dir='ltr'><strong>lucis,</strong></span> <span class='ocrx_word' id='word_1_117' title='bbox 953 1675 995 1737; x_wconf 90' lang='lat' dir='ltr'><strong>ad</strong></span> <span class='ocrx_word' id='word_1_118' title='bbox 1013 1675 1159 1738; x_wconf 91' lang='lat' dir='ltr'><strong>tenebras</strong></span> <span class='ocrx_word' id='word_1_119' title='bbox 1174 1674 1277 1740; x_wconf 72' lang='lat' dir='ltr'><strong>faetere</strong></span> <span class='ocrx_word' id='word_1_120' title='bbox 1292 1678 1341 1739; x_wconf 90' lang='lat' dir='ltr'><strong>est</strong></span> <span class='ocrx_word' id='word_1_121' title='bbox 1354 1675 1449 1753; x_wconf 89' lang='lat' dir='ltr'><strong>aolus,</strong></span> <span class='ocrx_word' id='word_1_122' title='bbox 1473 1679 1530 1740; x_wconf 87' lang='lat' dir='ltr'><strong>sed</strong></span> 
     </span>
     <span class='ocr_line' id='line_1_13' title="bbox 221 1772 1528 1859; baseline 0.002 -22"><span class='ocrx_word' id='word_1_123' title='bbox 221 1772 294 1851; x_wconf 86' lang='lat' dir='ltr'><strong>,lux</strong></span> <span class='ocrx_word' id='word_1_124' title='bbox 315 1775 384 1856; x_wconf 93' lang='lat' dir='ltr'><strong>ipsa</strong></span> <span class='ocrx_word' id='word_1_125' title='bbox 404 1773 543 1858; x_wconf 82' lang='lat' dir='ltr'><strong>respexit</strong></span> <span class='ocrx_word' id='word_1_126' title='bbox 562 1776 781 1839; x_wconf 89' lang='lat' dir='ltr'><strong>tantummodo</strong></span> <span class='ocrx_word' id='word_1_127' title='bbox 804 1777 836 1839; x_wconf 88' lang='lat' dir='ltr'><strong>et</strong></span> <span class='ocrx_word' id='word_1_128' title='bbox 857 1772 1018 1852; x_wconf 82' lang='lat' dir='ltr'><strong>abscessit,</strong></span> <span class='ocrx_word' id='word_1_129' title='bbox 1040 1772 1128 1838; x_wconf 91' lang='lat' dir='ltr'><strong>nulla</strong></span> <span class='ocrx_word' id='word_1_130' title='bbox 1149 1773 1270 1839; x_wconf 88' lang='lat' dir='ltr'><strong>scilicet</strong></span> <span class='ocrx_word' id='word_1_131' title='bbox 1290 1778 1380 1857; x_wconf 87' lang='lat' dir='ltr'><strong>parte</strong></span> <span class='ocrx_word' id='word_1_132' title='bbox 1401 1780 1528 1859; x_wconf 86' lang='lat' dir='ltr'><strong>sumpta</strong></span> 
     </span>
     <span class='ocr_line' id='line_1_14' title="bbox 220 1870 1588 1958; baseline 0.002 -22"><span class='ocrx_word' id='word_1_133' title='bbox 220 1874 278 1951; x_wconf 87' lang='lat' dir='ltr'><strong>,de</strong></span> <span class='ocrx_word' id='word_1_134' title='bbox 300 1874 446 1938; x_wconf 83' lang='lat' dir='ltr'><strong>tenebris.</strong></span> <span class='ocrx_word' id='word_1_135' title='bbox 480 1870 641 1938; x_wconf 82' lang='lat' dir='ltr'><strong>Tenebrae</strong></span> <span class='ocrx_word' id='word_1_136' title='bbox 662 1894 736 1938; x_wconf 84' lang='lat' dir='ltr'><strong>vero</strong></span> <span class='ocrx_word' id='word_1_137' title='bbox 752 1895 790 1937; x_wconf 88' lang='lat' dir='ltr'><strong>ox</strong></span> <span class='ocrx_word' id='word_1_138' title='bbox 805 1871 876 1937; x_wconf 88' lang='lat' dir='ltr'><strong>lnce</strong></span> <span class='ocrx_word' id='word_1_139' title='bbox 891 1878 1093 1955; x_wconf 88' lang='lat' dir='ltr'><strong>sumpserant</strong></span> <span class='ocrx_word' id='word_1_140' title='bbox 1114 1872 1263 1939; x_wconf 88' lang='lat' dir='ltr'><strong>intuitum</strong></span> <span class='ocrx_word' id='word_1_141' title='bbox 1278 1877 1310 1938; x_wconf 89' lang='lat' dir='ltr'><strong>et</strong></span> <span class='ocrx_word' id='word_1_142' title='bbox 1324 1873 1392 1958; x_wconf 84' lang='lat' dir='ltr'><strong>yles</strong></span> <span class='ocrx_word' id='word_1_143' title='bbox 1407 1875 1529 1940; x_wconf 88' lang='lat' dir='ltr'><strong>enfasin</strong></span> <span class='ocrx_word' id='word_1_144' title='bbox 1549 1879 1588 1932; x_wconf 89' lang='grc'><strong>10</strong></span> 
     </span>
     <span class='ocr_line' id='line_1_15' title="bbox 221 1970 1529 2057; baseline 0.002 -21"><span class='ocrx_word' id='word_1_145' title='bbox 221 1973 289 2050; x_wconf 86' lang='lat' dir='ltr'><strong>,vel</strong></span> <span class='ocrx_word' id='word_1_146' title='bbox 311 1972 457 2050; x_wconf 88' lang='lat' dir='ltr'><strong>colorem,</strong></span> <span class='ocrx_word' id='word_1_147' title='bbox 478 1972 512 2036; x_wconf 94' lang='lat' dir='ltr'><strong>in</strong></span> <span class='ocrx_word' id='word_1_148' title='bbox 533 1993 596 2057; x_wconf 92' lang='lat' dir='ltr'><strong>quo</strong></span> <span class='ocrx_word' id='word_1_149' title='bbox 619 1973 648 2038; x_wconf 92' lang='lat' dir='ltr'><strong>ei</strong></span> <span class='ocrx_word' id='word_1_150' title='bbox 674 1971 908 2056; x_wconf 87' lang='lat' dir='ltr'><strong>displicuerant.</strong></span> <span class='ocrx_word' id='word_1_151' title='bbox 945 1970 1026 2038; x_wconf 81' lang='lat' dir='ltr'><strong>Cum</strong></span> <span class='ocrx_word' id='word_1_152' title='bbox 1050 1991 1125 2056; x_wconf 79' lang='lat' dir='ltr'><strong>ergo</strong></span> <span class='ocrx_word' id='word_1_153' title='bbox 1147 1973 1315 2057; x_wconf 88' lang='lat' dir='ltr'><strong>nequiores</strong></span> <span class='ocrx_word' id='word_1_154' title='bbox 1337 1976 1376 2038; x_wconf 92' lang='lat' dir='ltr'><strong>de</strong></span> <span class='ocrx_word' id='word_1_155' title='bbox 1398 1975 1529 2039; x_wconf 90' lang='lat' dir='ltr'><strong>meliore</strong></span> 
     </span>
    </p>

    <p class='ocr_par' dir='ltr' id='par_1_5' title="bbox 168 2070 1583 2556">
     <span class='ocr_line' id='line_1_16' title="bbox 168 2070 1528 2158; baseline 0.005 -27"><span class='ocrx_word' id='word_1_156' title='bbox 168 2080 201 2133; x_wconf 79' lang='lat'><strong>15</strong></span> <span class='ocrx_word' id='word_1_157' title='bbox 221 2073 447 2156; x_wconf 85' lang='lat' dir='ltr'><strong>„sumpsissent</strong></span> <span class='ocrx_word' id='word_1_158' title='bbox 467 2094 532 2136; x_wconf 95' lang='lat' dir='ltr'><strong>non</strong></span> <span class='ocrx_word' id='word_1_159' title='bbox 552 2094 659 2137; x_wconf 87' lang='lat' dir='ltr'><strong>veram</strong></span> <span class='ocrx_word' id='word_1_160' title='bbox 688 2070 805 2150; x_wconf 90' lang='lat' dir='ltr'><strong>lucem,</strong></span> <span class='ocrx_word' id='word_1_161' title='bbox 831 2073 888 2137; x_wconf 87' lang='lat' dir='ltr'><strong>scd</strong></span> <span class='ocrx_word' id='word_1_162' title='bbox 908 2072 1046 2155; x_wconf 90' lang='lat' dir='ltr'><strong>speeiem</strong></span> <span class='ocrx_word' id='word_1_163' title='bbox 1069 2075 1228 2155; x_wconf 90' lang='lat' dir='ltr'><strong>quandam</strong></span> <span class='ocrx_word' id='word_1_164' title='bbox 1253 2070 1334 2137; x_wconf 91' lang='lat' dir='ltr'><strong>lucis</strong></span> <span class='ocrx_word' id='word_1_165' title='bbox 1355 2078 1450 2158; x_wconf 89' lang='lat' dir='ltr'><strong>atque</strong></span> <span class='ocrx_word' id='word_1_166' title='bbox 1474 2096 1528 2138; x_wconf 92' lang='lat' dir='ltr'><strong>en·</strong></span> 
     </span>
     <span class='ocr_line' id='line_1_17' title="bbox 220 2170 1528 2254; baseline 0.002 -18"><span class='ocrx_word' id='word_1_167' title='bbox 220 2172 329 2253; x_wconf 71' lang='lat' dir='ltr'><strong>,fanin</strong></span> <span class='ocrx_word' id='word_1_168' title='bbox 343 2223 350 2236; x_wconf 91' lang='lat'>.</span> <span class='ocrx_word' id='word_1_169' title='bbox 365 2222 372 2236; x_wconf 92' lang='lat'><strong>.</strong></span> <span class='ocrx_word' id='word_1_170' title='bbox 386 2221 394 2237; x_wconf 88' lang='lat'><strong>.</strong></span> <span class='ocrx_word' id='word_1_171' title='bbox 409 2172 486 2237; x_wconf 92' lang='lat' dir='ltr'><strong>boni</strong></span> <span class='ocrx_word' id='word_1_172' title='bbox 506 2172 628 2254; x_wconf 87' lang='lat' dir='ltr'><strong>raptiva</strong></span> <span class='ocrx_word' id='word_1_173' title='bbox 642 2173 816 2237; x_wconf 87' lang='lat' dir='ltr'><strong>mutatione</strong></span> <span class='ocrx_word' id='word_1_174' title='bbox 831 2176 1002 2236; x_wconf 85' lang='lat' dir='ltr'><strong>traxerunt.</strong></span> <span class='ocrx_word' id='word_1_175' title='bbox 1038 2170 1132 2237; x_wconf 89' lang='lat' dir='ltr'><strong>Unde</strong></span> <span class='ocrx_word' id='word_1_176' title='bbox 1146 2193 1204 2236; x_wconf 91' lang='lat' dir='ltr'><strong>nec</strong></span> <span class='ocrx_word' id='word_1_177' title='bbox 1218 2170 1394 2254; x_wconf 84' lang='lat' dir='ltr'><strong>perfeetum</strong></span> <span class='ocrx_word' id='word_1_178' title='bbox 1409 2171 1528 2238; x_wconf 92' lang='lat' dir='ltr'><strong>bonnm</strong></span> 
     </span>
     <span class='ocr_line' id='line_1_18' title="bbox 220 2270 1528 2355; baseline 0.002 -20"><span class='ocrx_word' id='word_1_179' title='bbox 220 2276 286 2350; x_wconf 85' lang='lat' dir='ltr'><strong>,est</strong></span> <span class='ocrx_word' id='word_1_180' title='bbox 307 2273 341 2336; x_wconf 91' lang='lat' dir='ltr'><strong>in</strong></span> <span class='ocrx_word' id='word_1_181' title='bbox 355 2273 416 2336; x_wconf 89' lang='lat' dir='ltr'><strong>boe</strong></span> <span class='ocrx_word' id='word_1_182' title='bbox 430 2273 557 2347; x_wconf 89' lang='lat' dir='ltr'><strong>mundo,</strong></span> <span class='ocrx_word' id='word_1_183' title='bbox 579 2276 611 2336; x_wconf 93' lang='lat' dir='ltr'><strong>et</strong></span> <span class='ocrx_word' id='word_1_184' title='bbox 625 2273 711 2355; x_wconf 90' lang='lat' dir='ltr'><strong>quod</strong></span> <span class='ocrx_word' id='word_1_185' title='bbox 726 2275 774 2337; x_wconf 88' lang='lat' dir='ltr'><strong>est</strong></span> <span class='ocrx_word' id='word_1_186' title='bbox 788 2270 879 2335; x_wconf 90' lang='lat' dir='ltr'><strong>valde</strong></span> <span class='ocrx_word' id='word_1_187' title='bbox 895 2275 943 2336; x_wconf 88' lang='lat' dir='ltr'><strong>est</strong></span> <span class='ocrx_word' id='word_1_188' title='bbox 957 2271 1115 2355; x_wconf 78' lang='lat' dir='ltr'><strong>exignum,</strong></span> <span class='ocrx_word' id='word_1_189' title='bbox 1138 2271 1213 2355; x_wconf 90' lang='lat' dir='ltr'><strong>quia</strong></span> <span class='ocrx_word' id='word_1_190' title='bbox 1226 2293 1339 2354; x_wconf 89' lang='lat' dir='ltr'><strong>parum</strong></span> <span class='ocrx_word' id='word_1_191' title='bbox 1354 2271 1416 2336; x_wconf 87' lang='lat' dir='ltr'><strong>fuit</strong></span> <span class='ocrx_word' id='word_1_192' title='bbox 1431 2274 1528 2338; x_wconf 89' lang='lat' dir='ltr'><strong>etiam</strong></span> 
     </span>
     <span class='ocr_line' id='line_1_19' title="bbox 220 2369 1583 2457; baseline 0.002 -23"><span class='ocrx_word' id='word_1_193' title='bbox 220 2370 326 2451; x_wconf 79' lang='lat' dir='ltr'><strong>„illud</strong></span> <span class='ocrx_word' id='word_1_194' title='bbox 348 2374 434 2455; x_wconf 91' lang='lat' dir='ltr'><strong>quod</strong></span> <span class='ocrx_word' id='word_1_195' title='bbox 447 2371 538 2436; x_wconf 92' lang='lat' dir='ltr'><strong>initio</strong></span> <span class='ocrx_word' id='word_1_196' title='bbox 555 2376 741 2455; x_wconf 88' lang='lat' dir='ltr'><strong>conceptum</strong></span> <span class='ocrx_word' id='word_1_197' title='bbox 755 2374 811 2437; x_wconf 85' lang='lat' dir='ltr'><strong>est</strong></span> <span class='ocrx_word' id='word_1_198' title='bbox 841 2369 962 2435; x_wconf 90' lang='lat' dir='ltr'><strong>Verum</strong></span> <span class='ocrx_word' id='word_1_199' title='bbox 983 2373 1090 2434; x_wconf 87' lang='lat' dir='ltr'><strong>tamen</strong></span> <span class='ocrx_word' id='word_1_200' title='bbox 1111 2392 1168 2454; x_wconf 87' lang='lat' dir='ltr'><strong>per</strong></span> <span class='ocrx_word' id='word_1_201' title='bbox 1182 2372 1244 2435; x_wconf 94' lang='lat' dir='ltr'><strong>hoc</strong></span> <span class='ocrx_word' id='word_1_202' title='bbox 1257 2371 1362 2454; x_wconf 90' lang='lat' dir='ltr'><strong>ipsum</strong></span> <span class='ocrx_word' id='word_1_203' title='bbox 1377 2372 1527 2457; x_wconf 81' lang='lat' dir='ltr'><strong>exiguum</strong></span> <span class='ocrx_word' id='word_1_204' title='bbox 1547 2374 1583 2428; x_wconf 91' lang='lat' dir='ltr'><strong>ll</strong></span> 
     </span>
     <span class='ocr_line' id='line_1_20' title="bbox 220 2468 1527 2556; baseline 0.002 -22"><span class='ocrx_word' id='word_1_205' title='bbox 220 2469 327 2554; x_wconf 69' lang='lat' dir='ltr'><strong>„lucis</strong></span> <span class='ocrx_word' id='word_1_206' title='bbox 342 2469 439 2535; x_wconf 92' lang='lat' dir='ltr'><strong>immo</strong></span> <span class='ocrx_word' id='word_1_207' title='bbox 454 2472 561 2554; x_wconf 91' lang='lat' dir='ltr'><strong>potius</strong></span> <span class='ocrx_word' id='word_1_208' title='bbox 575 2493 631 2554; x_wconf 90' lang='lat' dir='ltr'><strong>per</strong></span> <span class='ocrx_word' id='word_1_209' title='bbox 645 2471 782 2555; x_wconf 89' lang='lat' dir='ltr'><strong>speeiem</strong></span> <span class='ocrx_word' id='word_1_210' title='bbox 799 2473 957 2555; x_wconf 90' lang='lat' dir='ltr'><strong>quandam</strong></span> <span class='ocrx_word' id='word_1_211' title='bbox 974 2468 1063 2550; x_wconf 89' lang='lat' dir='ltr'><strong>lueis,</strong></span> <span class='ocrx_word' id='word_1_212' title='bbox 1078 2474 1238 2536; x_wconf 77' lang='lat' dir='ltr'><strong>creaturae</strong></span> <span class='ocrx_word' id='word_1_213' title='bbox 1253 2470 1418 2536; x_wconf 86' lang='lat' dir='ltr'><strong>valuernut</strong></span> <span class='ocrx_word' id='word_1_214' title='bbox 1433 2491 1527 2556; x_wconf 81' lang='lat' dir='ltr'><strong>gene-</strong></span> 
     </span>
    </p>

    <p class='ocr_par' dir='ltr' id='par_1_6' title="bbox 165 2568 1585 2756">
     <span class='ocr_line' id='line_1_21' title="bbox 165 2568 1527 2656; baseline 0.003 -24"><span class='ocrx_word' id='word_1_215' title='bbox 165 2577 201 2631; x_wconf 76' lang='lat'><strong>20</strong></span> <span class='ocrx_word' id='word_1_216' title='bbox 220 2591 307 2649; x_wconf 89' lang='lat' dir='ltr'><strong>„rare</strong></span> <span class='ocrx_word' id='word_1_217' title='bbox 328 2568 566 2636; x_wconf 87' lang='lat' dir='ltr'><strong>similitudinem</strong></span> <span class='ocrx_word' id='word_1_218' title='bbox 582 2572 791 2654; x_wconf 85' lang='lat' dir='ltr'><strong>perferentem</strong></span> <span class='ocrx_word' id='word_1_219' title='bbox 806 2572 847 2634; x_wconf 90' lang='lat' dir='ltr'><strong>ad</strong></span> <span class='ocrx_word' id='word_1_220' title='bbox 860 2569 956 2649; x_wconf 90' lang='lat' dir='ltr'><strong>illam,</strong></span> <span class='ocrx_word' id='word_1_221' title='bbox 978 2591 1073 2653; x_wconf 90' lang='lat' dir='ltr'><strong>quam</strong></span> <span class='ocrx_word' id='word_1_222' title='bbox 1088 2572 1127 2634; x_wconf 92' lang='lat' dir='ltr'><strong>de</strong></span> <span class='ocrx_word' id='word_1_223' title='bbox 1141 2568 1212 2634; x_wconf 90' lang='lat' dir='ltr'><strong>luce</strong></span> <span class='ocrx_word' id='word_1_224' title='bbox 1223 2576 1443 2654; x_wconf 84' lang='lat' dir='ltr'><strong>conceperant,</strong></span> <span class='ocrx_word' id='word_1_225' title='bbox 1457 2595 1527 2656; x_wconf 91' lang='lat' dir='ltr'><strong>per·</strong></span> 
     </span>
     <span class='ocr_line' id='line_1_22' title="bbox 220 2668 1585 2756; baseline -0.002 -22"><span class='ocrx_word' id='word_1_226' title='bbox 220 2669 434 2748; x_wconf 81' lang='lat' dir='ltr'><strong>,mixtionem</strong></span> <span class='ocrx_word' id='word_1_227' title='bbox 469 2669 512 2734; x_wconf 84' lang='lat' dir='ltr'><strong>Et</strong></span> <span class='ocrx_word' id='word_1_228' title='bbox 532 2670 611 2735; x_wconf 88' lang='lat' dir='ltr'><strong>haec</strong></span> <span class='ocrx_word' id='word_1_229' title='bbox 630 2674 677 2735; x_wconf 87' lang='lat' dir='ltr'><strong>est</strong></span> <span class='ocrx_word' id='word_1_230' title='bbox 690 2671 761 2749; x_wconf 89' lang='lat' dir='ltr'><strong>ista,</strong></span> <span class='ocrx_word' id='word_1_231' title='bbox 784 2691 879 2754; x_wconf 92' lang='lat' dir='ltr'><strong>quam</strong></span> <span class='ocrx_word' id='word_1_232' title='bbox 900 2669 1064 2744; x_wconf 85' lang='lat' dir='ltr'><strong>cernimus,</strong></span> <span class='ocrx_word' id='word_1_233' title='bbox 1080 2672 1249 2735; x_wconf 84' lang='lat' dir='ltr'><strong>creatura“</strong></span> <span class='ocrx_word' id='word_1_234' title='bbox 1282 2668 1345 2735; x_wconf 85' lang='lat' dir='ltr'><strong>Sed</strong></span> <span class='ocrx_word' id='word_1_235' title='bbox 1360 2671 1527 2756; x_wconf 88' lang='lat' dir='ltr'><strong>etreliqua</strong></span> <span class='ocrx_word' id='word_1_236' title='bbox 1546 2678 1585 2732; x_wconf 79' lang='lat' dir='ltr'><strong>la</strong></span> 
     </span>
    </p>

    <p class='ocr_par' dir='ltr' id='par_1_7' title="bbox 111 2766 1527 3051">
     <span class='ocr_line' id='line_1_23' title="bbox 111 2766 1527 2853; baseline 0.002 -19"><span class='ocrx_word' id='word_1_237' title='bbox 111 2770 116 2781; x_wconf 85' lang='grc'>’</span> <span class='ocrx_word' id='word_1_238' title='bbox 217 2790 326 2834; x_wconf 89' lang='lat' dir='ltr'><strong>eorum</strong></span> <span class='ocrx_word' id='word_1_239' title='bbox 356 2769 474 2834; x_wconf 85' lang='lat' dir='ltr'><strong>similia</strong></span> <span class='ocrx_word' id='word_1_240' title='bbox 504 2771 537 2834; x_wconf 92' lang='lat' dir='ltr'><strong>in</strong></span> <span class='ocrx_word' id='word_1_241' title='bbox 568 2769 834 2853; x_wconf 88' lang='lat' dir='ltr'><strong>consequentibus</strong></span> <span class='ocrx_word' id='word_1_242' title='bbox 864 2772 1013 2834; x_wconf 86' lang='lat' dir='ltr'><strong>executus</strong></span> <span class='ocrx_word' id='word_1_243' title='bbox 1039 2772 1095 2833; x_wconf 88' lang='lat' dir='ltr'><strong>est.</strong></span> <span class='ocrx_word' id='word_1_244' title='bbox 1139 2766 1227 2833; x_wconf 89' lang='lat' dir='ltr'><strong>Haec</strong></span> <span class='ocrx_word' id='word_1_245' title='bbox 1252 2774 1358 2834; x_wconf 91' lang='lat' dir='ltr'><strong>autem</strong></span> <span class='ocrx_word' id='word_1_246' title='bbox 1380 2770 1527 2837; x_wconf 87' lang='lat' dir='ltr'><strong>sulficere</strong></span> 
     </span>
     <span class='ocr_line' id='line_1_24' title="bbox 217 2868 1527 2951; baseline 0.003 -19"><span class='ocrx_word' id='word_1_247' title='bbox 217 2870 382 2933; x_wconf 86' lang='lat' dir='ltr'><strong>aestimavi</strong></span> <span class='ocrx_word' id='word_1_248' title='bbox 411 2872 452 2932; x_wconf 93' lang='lat' dir='ltr'><strong>ad</strong></span> <span class='ocrx_word' id='word_1_249' title='bbox 481 2871 708 2934; x_wconf 88' lang='lat' dir='ltr'><strong>ostendendam</strong></span> <span class='ocrx_word' id='word_1_250' title='bbox 734 2869 801 2933; x_wconf 91' lang='lat' dir='ltr'><strong>eius</strong></span> <span class='ocrx_word' id='word_1_251' title='bbox 822 2870 857 2932; x_wconf 92' lang='lat' dir='ltr'><strong>in</strong></span> <span class='ocrx_word' id='word_1_252' title='bbox 878 2869 937 2932; x_wconf 90' lang='lat' dir='ltr'><strong>bac</strong></span> <span class='ocrx_word' id='word_1_253' title='bbox 962 2872 1052 2951; x_wconf 89' lang='lat' dir='ltr'><strong>parte</strong></span> <span class='ocrx_word' id='word_1_254' title='bbox 1073 2869 1269 2933; x_wconf 86' lang='lat' dir='ltr'><strong>sententiam</strong></span> <span class='ocrx_word' id='word_1_255' title='bbox 1312 2868 1350 2933; x_wconf 94' lang='lat' dir='ltr'><strong>In</strong></span> <span class='ocrx_word' id='word_1_256' title='bbox 1371 2871 1421 2936; x_wconf 92' lang='lat' dir='ltr'><strong>his</strong></span> <span class='ocrx_word' id='word_1_257' title='bbox 1442 2872 1527 2936; x_wconf 90' lang='lat' dir='ltr'><strong>enim</strong></span> 
     </span>
     <span class='ocr_line' id='line_1_25' title="bbox 218 2966 1485 3051; baseline 0.003 -20"><span class='ocrx_word' id='word_1_258' title='bbox 218 2970 257 3032; x_wconf 93' lang='lat' dir='ltr'><strong>de</strong></span> <span class='ocrx_word' id='word_1_259' title='bbox 278 2969 390 3033; x_wconf 92' lang='lat' dir='ltr'><strong>mundi</strong></span> <span class='ocrx_word' id='word_1_260' title='bbox 410 2969 590 3033; x_wconf 91' lang='lat' dir='ltr'><strong>conditione</strong></span> <span class='ocrx_word' id='word_1_261' title='bbox 612 2969 800 3051; x_wconf 88' lang='lat' dir='ltr'><strong>conscripsit</strong></span> <span class='ocrx_word' id='word_1_262' title='bbox 821 2969 994 3033; x_wconf 89' lang='lat' dir='ltr'><strong>secundum</strong></span> <span class='ocrx_word' id='word_1_263' title='bbox 1016 2969 1102 3051; x_wconf 90' lang='lat' dir='ltr'><strong>quod</strong></span> <span class='ocrx_word' id='word_1_264' title='bbox 1123 2966 1314 3050; x_wconf 75' lang='lat' dir='ltr'><strong>scythianus</strong></span> <span class='ocrx_word' id='word_1_265' title='bbox 1336 2975 1485 3035; x_wconf 85' lang='lat' dir='ltr'><strong>senserat</strong></span> 
     </span>
    </p>

    <p class='ocr_par' dir='ltr' id='par_1_8' title="bbox 165 3064 1527 3450">
     <span class='ocr_line' id='line_1_26' title="bbox 165 3064 1527 3151; baseline 0.003 -21"><span class='ocrx_word' id='word_1_266' title='bbox 165 3077 200 3132; x_wconf 80' lang='lat'><strong>25</strong></span> <span class='ocrx_word' id='word_1_267' title='bbox 300 3064 440 3132; x_wconf 82' lang='lat' dir='ltr'>LXVIIL</span> <span class='ocrx_word' id='word_1_268' title='bbox 483 3066 546 3132; x_wconf 91' lang='lat' dir='ltr'><strong>Hic</strong></span> <span class='ocrx_word' id='word_1_269' title='bbox 565 3090 640 3133; x_wconf 84' lang='lat' dir='ltr'><strong>vero</strong></span> <span class='ocrx_word' id='word_1_270' title='bbox 663 3068 838 3151; x_wconf 87' lang='lat' dir='ltr'><strong>adsumptis</strong></span> <span class='ocrx_word' id='word_1_271' title='bbox 861 3068 927 3131; x_wconf 88' lang='lat' dir='ltr'><strong>eius</strong></span> <span class='ocrx_word' id='word_1_272' title='bbox 941 3066 1056 3132; x_wconf 91' lang='lat' dir='ltr'><strong>litteris</strong></span> <span class='ocrx_word' id='word_1_273' title='bbox 1070 3067 1186 3132; x_wconf 87' lang='lat' dir='ltr'><strong>adiecit</strong></span> <span class='ocrx_word' id='word_1_274' title='bbox 1201 3069 1297 3133; x_wconf 88' lang='lat' dir='ltr'><strong>etiam</strong></span> <span class='ocrx_word' id='word_1_275' title='bbox 1311 3069 1440 3134; x_wconf 91' lang='lat' dir='ltr'><strong>nomina</strong></span> <span class='ocrx_word' id='word_1_276' title='bbox 1455 3072 1527 3134; x_wconf 89' lang='lat' dir='ltr'><strong>dae-</strong></span> 
     </span>
     <span class='ocr_line' id='line_1_27' title="bbox 216 3165 1527 3252; baseline 0.003 -22"><span class='ocrx_word' id='word_1_277' title='bbox 216 3188 347 3231; x_wconf 91' lang='lat' dir='ltr'><strong>monum</strong></span> <span class='ocrx_word' id='word_1_278' title='bbox 369 3170 401 3230; x_wconf 87' lang='lat' dir='ltr'><strong>et</strong></span> <span class='ocrx_word' id='word_1_279' title='bbox 422 3168 650 3232; x_wconf 86' lang='lat' dir='ltr'><strong>commotiones</strong></span> <span class='ocrx_word' id='word_1_280' title='bbox 669 3167 828 3252; x_wconf 89' lang='lat' dir='ltr'><strong>inquietas</strong></span> <span class='ocrx_word' id='word_1_281' title='bbox 849 3171 945 3251; x_wconf 89' lang='lat' dir='ltr'><strong>atque</strong></span> <span class='ocrx_word' id='word_1_282' title='bbox 967 3165 1194 3232; x_wconf 90' lang='lat' dir='ltr'><strong>elementorum</strong></span> <span class='ocrx_word' id='word_1_283' title='bbox 1209 3189 1319 3234; x_wconf 79' lang='lat' dir='ltr'><strong>camus</strong></span> <span class='ocrx_word' id='word_1_284' title='bbox 1338 3190 1402 3233; x_wconf 88' lang='lat' dir='ltr'><strong>noa</strong></span> <span class='ocrx_word' id='word_1_285' title='bbox 1416 3190 1527 3234; x_wconf 88' lang='lat' dir='ltr'><strong>secun-</strong></span> 
     </span>
     <span class='ocr_line' id='line_1_28' title="bbox 216 3264 1526 3353; baseline 0.004 -25"><span class='ocrx_word' id='word_1_286' title='bbox 216 3267 292 3330; x_wconf 91' lang='lat' dir='ltr'><strong>dum</strong></span> <span class='ocrx_word' id='word_1_287' title='bbox 313 3264 406 3330; x_wconf 89' lang='lat' dir='ltr'><strong>illum</strong></span> <span class='ocrx_word' id='word_1_288' title='bbox 427 3267 578 3345; x_wconf 87' lang='lat' dir='ltr'><strong>ordinem,</strong></span> <span class='ocrx_word' id='word_1_289' title='bbox 601 3267 656 3350; x_wconf 90' lang='lat' dir='ltr'><strong>qui</strong></span> <span class='ocrx_word' id='word_1_290' title='bbox 677 3289 696 3331; x_wconf 89' lang='lat' dir='ltr'><strong>a</strong></span> <span class='ocrx_word' id='word_1_291' title='bbox 715 3267 873 3332; x_wconf 78' lang='lat' dir='ltr'><strong>veteribus</strong></span> <span class='ocrx_word' id='word_1_292' title='bbox 895 3267 1030 3350; x_wconf 85' lang='lat' dir='ltr'><strong>scriptus</strong></span> <span class='ocrx_word' id='word_1_293' title='bbox 1052 3271 1108 3344; x_wconf 85' lang='lat' dir='ltr'><strong>est,</strong></span> <span class='ocrx_word' id='word_1_294' title='bbox 1130 3269 1185 3332; x_wconf 87' lang='lat' dir='ltr'><strong>sed</strong></span> <span class='ocrx_word' id='word_1_295' title='bbox 1206 3272 1243 3332; x_wconf 93' lang='lat' dir='ltr'><strong>ut</strong></span> <span class='ocrx_word' id='word_1_296' title='bbox 1256 3267 1412 3333; x_wconf 89' lang='lat' dir='ltr'><strong>sarcinam</strong></span> <span class='ocrx_word' id='word_1_297' title='bbox 1427 3290 1526 3353; x_wconf 90' lang='lat' dir='ltr'><strong>qnan-</strong></span> 
     </span>
     <span class='ocr_line' id='line_1_29' title="bbox 217 3365 1525 3450; baseline 0.005 -24"><span class='ocrx_word' id='word_1_298' title='bbox 217 3366 289 3427; x_wconf 91' lang='lat' dir='ltr'><strong>dam</strong></span> <span class='ocrx_word' id='word_1_299' title='bbox 311 3365 479 3430; x_wconf 83' lang='lat' dir='ltr'><strong>verborum</strong></span> <span class='ocrx_word' id='word_1_300' title='bbox 504 3365 677 3431; x_wconf 90' lang='lat' dir='ltr'><strong>multorum</strong></span> <span class='ocrx_word' id='word_1_301' title='bbox 699 3371 731 3431; x_wconf 88' lang='lat' dir='ltr'><strong>et</strong></span> <span class='ocrx_word' id='word_1_302' title='bbox 755 3365 917 3431; x_wconf 87' lang='lat' dir='ltr'><strong>inutilium</strong></span> <span class='ocrx_word' id='word_1_303' title='bbox 944 3371 1152 3449; x_wconf 79' lang='lat' dir='ltr'><strong>congregaret</strong></span> <span class='ocrx_word' id='word_1_304' title='bbox 1173 3371 1205 3431; x_wconf 89' lang='lat' dir='ltr'><strong>et</strong></span> <span class='ocrx_word' id='word_1_305' title='bbox 1229 3367 1456 3450; x_wconf 81' lang='lat' dir='ltr'><strong>permixtiones</strong></span> <span class='ocrx_word' id='word_1_306' title='bbox 1478 3370 1525 3433; x_wconf 94' lang='lat' dir='ltr'><strong>in·</strong></span> 
     </span>
    </p>
   </div>
   <div class='ocr_carea' id='block_1_3' title="bbox 163 3463 1563 3850">
    <p class='ocr_par' dir='ltr' id='par_1_9' title="bbox 163 3463 1563 3651">
     <span class='ocr_line' id='line_1_30' title="bbox 216 3463 1563 3552; baseline 0.004 -25"><span class='ocrx_word' id='word_1_307' title='bbox 216 3486 341 3528; x_wconf 87' lang='lat' dir='ltr'><strong>mensas</strong></span> <span class='ocrx_word' id='word_1_308' title='bbox 363 3486 400 3529; x_wconf 91' lang='lat' dir='ltr'><strong>ac</strong></span> <span class='ocrx_word' id='word_1_309' title='bbox 421 3465 621 3530; x_wconf 87' lang='lat' dir='ltr'><strong>confusiones</strong></span> <span class='ocrx_word' id='word_1_310' title='bbox 635 3463 815 3550; x_wconf 77' lang='lat' dir='ltr'><strong>legentibus</strong></span> <span class='ocrx_word' id='word_1_311' title='bbox 830 3470 1001 3550; x_wconf 77' lang='lat' dir='ltr'><strong>generaret</strong></span> <span class='ocrx_word' id='word_1_312' title='bbox 1024 3465 1105 3542; x_wconf 85' lang='lat' dir='ltr'><strong>Quia</strong></span> <span class='ocrx_word' id='word_1_313' title='bbox 1119 3488 1193 3531; x_wconf 83' lang='lat' dir='ltr'><strong>vero</strong></span> <span class='ocrx_word' id='word_1_314' title='bbox 1208 3467 1311 3531; x_wconf 91' lang='lat' dir='ltr'><strong>omnis</strong></span> <span class='ocrx_word' id='word_1_315' title='bbox 1327 3468 1393 3532; x_wconf 87' lang='lat' dir='ltr'><strong>eiua</strong></span> <span class='ocrx_word' id='word_1_316' title='bbox 1409 3471 1525 3552; x_wconf 81' lang='lat' dir='ltr'><strong>dogma</strong></span> <span class='ocrx_word' id='word_1_317' title='bbox 1544 3477 1563 3532; x_wconf 77' lang='lat'>2</span> 
     </span>
     <span class='ocr_line' id='line_1_31' title="bbox 163 3562 1526 3651; baseline 0.002 -21"><span class='ocrx_word' id='word_1_318' title='bbox 163 3573 199 3630; x_wconf 80' lang='lat'><strong>30</strong></span> <span class='ocrx_word' id='word_1_319' title='bbox 214 3568 247 3627; x_wconf 91' lang='lat' dir='ltr'><strong>et</strong></span> <span class='ocrx_word' id='word_1_320' title='bbox 268 3562 433 3628; x_wconf 86' lang='lat' dir='ltr'><strong>inscientia</strong></span> <span class='ocrx_word' id='word_1_321' title='bbox 450 3562 590 3629; x_wconf 86' lang='lat' dir='ltr'><strong>Basilide</strong></span> <span class='ocrx_word' id='word_1_322' title='bbox 601 3565 651 3629; x_wconf 93' lang='lat' dir='ltr'><strong>illi</strong></span> <span class='ocrx_word' id='word_1_323' title='bbox 665 3566 849 3630; x_wconf 88' lang='lat' dir='ltr'><strong>obversante</strong></span> <span class='ocrx_word' id='word_1_324' title='bbox 868 3565 1046 3647; x_wconf 87' lang='lat' dir='ltr'><strong>conscripta</strong></span> <span class='ocrx_word' id='word_1_325' title='bbox 1058 3565 1092 3628; x_wconf 93' lang='lat' dir='ltr'><strong>in</strong></span> <span class='ocrx_word' id='word_1_326' title='bbox 1108 3565 1259 3629; x_wconf 88' lang='lat' dir='ltr'><strong>dualitate</strong></span> <span class='ocrx_word' id='word_1_327' title='bbox 1279 3588 1430 3651; x_wconf 87' lang='lat' dir='ltr'><strong>suspensa</strong></span> <span class='ocrx_word' id='word_1_328' title='bbox 1444 3574 1526 3647; x_wconf 86' lang='lat' dir='ltr'><strong>sunt,</strong></span> 
     </span>
    </p>

    <p class='ocr_par' dir='ltr' id='par_1_10' title="bbox 215 3661 1526 3749">
     <span class='ocr_line' id='line_1_32' title="bbox 215 3661 1526 3749; baseline 0.006 -24"><span class='ocrx_word' id='word_1_329' title='bbox 215 3661 296 3726; x_wconf 89' lang='lat' dir='ltr'><strong>nulli</strong></span> <span class='ocrx_word' id='word_1_330' title='bbox 318 3664 449 3727; x_wconf 89' lang='lat' dir='ltr'><strong>dubium</strong></span> <span class='ocrx_word' id='word_1_331' title='bbox 471 3668 526 3728; x_wconf 85' lang='lat' dir='ltr'><strong>est</strong></span> <span class='ocrx_word' id='word_1_332' title='bbox 568 3662 697 3748; x_wconf 87' lang='lat' dir='ltr'><strong>Siquis</strong></span> <span class='ocrx_word' id='word_1_333' title='bbox 722 3682 798 3748; x_wconf 85' lang='lat' dir='ltr'><strong>ergo</strong></span> <span class='ocrx_word' id='word_1_334' title='bbox 824 3665 1004 3728; x_wconf 87' lang='lat' dir='ltr'><strong>subvertere</strong></span> <span class='ocrx_word' id='word_1_335' title='bbox 1028 3665 1169 3747; x_wconf 89' lang='lat' dir='ltr'><strong>potnerit</strong></span> <span class='ocrx_word' id='word_1_336' title='bbox 1193 3667 1369 3749; x_wconf 82' lang='lat' dir='ltr'><strong>ingenitam</strong></span> <span class='ocrx_word' id='word_1_337' title='bbox 1391 3667 1526 3733; x_wconf 91' lang='lat' dir='ltr'><strong>dualita-</strong></span> 
     </span>
    </p>

    <p class='ocr_par' dir='ltr' id='par_1_11' title="bbox 214 3763 1527 3850">
     <span class='ocr_line' id='line_1_33' title="bbox 214 3763 1527 3850; baseline 0.005 -24"><span class='ocrx_word' id='word_1_338' title='bbox 214 3767 293 3839; x_wconf 87' lang='lat' dir='ltr'><strong>tem,</strong></span> <span class='ocrx_word' id='word_1_339' title='bbox 320 3784 415 3846; x_wconf 89' lang='lat' dir='ltr'><strong>quam</strong></span> <span class='ocrx_word' id='word_1_340' title='bbox 437 3764 504 3846; x_wconf 90' lang='lat' dir='ltr'><strong>ipse</strong></span> <span class='ocrx_word' id='word_1_341' title='bbox 526 3765 655 3843; x_wconf 88' lang='lat' dir='ltr'><strong>adserit,</strong></span> <span class='ocrx_word' id='word_1_342' title='bbox 680 3765 764 3829; x_wconf 87' lang='lat' dir='ltr'><strong>dico:</strong></span> <span class='ocrx_word' id='word_1_343' title='bbox 789 3763 968 3828; x_wconf 87' lang='lat' dir='ltr'><strong>universam</strong></span> <span class='ocrx_word' id='word_1_344' title='bbox 994 3763 1061 3828; x_wconf 89' lang='lat' dir='ltr'><strong>eins</strong></span> <span class='ocrx_word' id='word_1_345' title='bbox 1083 3765 1250 3830; x_wconf 79' lang='lat' dir='ltr'><strong>verborum</strong></span> <span class='ocrx_word' id='word_1_346' title='bbox 1272 3764 1384 3831; x_wconf 86' lang='lat' dir='ltr'><strong>silvam</strong></span> <span class='ocrx_word' id='word_1_347' title='bbox 1406 3769 1527 3850; x_wconf 85' lang='lat' dir='ltr'><strong>pariter</strong></span> 
     </span>
    </p>
   </div>
   <div class='ocr_carea' id='block_1_4' title="bbox 303 3941 538 4013">
    <p class='ocr_par' dir='ltr' id='par_1_12' title="bbox 303 3941 538 4013">
     <span class='ocr_line' id='line_1_34' title="bbox 303 3941 538 4013; baseline 0.004 -16"><span class='ocrx_word' id='word_1_348' title='bbox 303 3941 538 4013; x_wconf 56' lang='lat' dir='ltr'><strong>manua</strong></span> 
     </span>
    </p>
   </div>
   <div class='ocr_carea' id='block_1_5' title="bbox 214 4092 1525 4671">
    <p class='ocr_par' dir='ltr' id='par_1_13' title="bbox 214 4092 1525 4671">
     <span class='ocr_line' id='line_1_35' title="bbox 301 4092 1525 4167; baseline 0.004 -20"><span class='ocrx_word' id='word_1_349' title='bbox 301 4092 459 4164; x_wconf 78' lang='lat' dir='ltr'><strong>lgenitae]</strong></span> <span class='ocrx_word' id='word_1_350' title='bbox 478 4093 568 4149; x_wconf 80' lang='lat' dir='ltr'><strong>Routb</strong></span> <span class='ocrx_word' id='word_1_351' title='bbox 599 4098 604 4163; x_wconf 94' lang='grc' dir='ltr'>Ι</span> <span class='ocrx_word' id='word_1_352' title='bbox 637 4094 805 4151; x_wconf 73' lang='grc' dir='ltr'>2ιιοΙΙθΙΟ</span> <span class='ocrx_word' id='word_1_353' title='bbox 833 4095 838 4163; x_wconf 97' lang='grc' dir='ltr'>Ι</span> <span class='ocrx_word' id='word_1_354' title='bbox 871 4095 1034 4151; x_wconf 79' lang='lat' dir='ltr'><strong>tmelioree</strong></span> <span class='ocrx_word' id='word_1_355' title='bbox 1063 4096 1120 4152; x_wconf 81' lang='lat' dir='ltr'><strong>GM</strong></span> <span class='ocrx_word' id='word_1_356' title='bbox 1147 4099 1152 4166; x_wconf 98' lang='grc' dir='ltr'>Ι</span> <span class='ocrx_word' id='word_1_357' title='bbox 1184 4099 1213 4152; x_wconf 88' lang='lat' dir='ltr'><strong>et</strong></span> <span class='ocrx_word' id='word_1_358' title='bbox 1231 4096 1420 4167; x_wconf 86' lang='lat' dir='ltr'><strong>coadmieceri]</strong></span> <span class='ocrx_word' id='word_1_359' title='bbox 1437 4098 1525 4164; x_wconf 66' lang='lat' dir='ltr'><strong>¹lettre</strong></span> 
     </span>
     <span class='ocr_line' id='line_1_36' title="bbox 220 4175 1523 4252; baseline 0.008 -25"><span class='ocrx_word' id='word_1_360' title='bbox 220 4175 309 4230; x_wconf 70' lang='lat' dir='ltr'><strong>Werte</strong></span> <span class='ocrx_word' id='word_1_361' title='bbox 335 4177 367 4230; x_wconf 82' lang='lat' dir='ltr'><strong>in</strong></span> <span class='ocrx_word' id='word_1_362' title='bbox 397 4179 420 4234; x_wconf 83' lang='lat'><strong><em>0</em></strong></span> <span class='ocrx_word' id='word_1_363' title='bbox 458 4180 463 4246; x_wconf 98' lang='grc' dir='ltr'>Ι</span> <span class='ocrx_word' id='word_1_364' title='bbox 499 4180 518 4234; x_wconf 86' lang='lat' dir='ltr'><strong>s</strong></span> <span class='ocrx_word' id='word_1_365' title='bbox 545 4197 638 4236; x_wconf 88' lang='lat' dir='ltr'><strong>eornm</strong></span> <span class='ocrx_word' id='word_1_366' title='bbox 665 4178 700 4232; x_wconf 83' lang='lat' dir='ltr'><em>M</em></span> <span class='ocrx_word' id='word_1_367' title='bbox 731 4180 736 4248; x_wconf 99' lang='grc' dir='ltr'>Ι</span> <span class='ocrx_word' id='word_1_368' title='bbox 768 4179 921 4250; x_wconf 84' lang='lat' dir='ltr'><strong>spectandi]</strong></span> <span class='ocrx_word' id='word_1_369' title='bbox 950 4180 1066 4248; x_wconf 73' lang='grc' dir='ltr'><strong>Τναιιὺε,</strong></span> <span class='ocrx_word' id='word_1_370' title='bbox 1088 4182 1247 4251; x_wconf 87' lang='lat' dir='ltr'><strong>expectanti</strong></span> <span class='ocrx_word' id='word_1_371' title='bbox 1269 4180 1304 4235; x_wconf 91' lang='grc' dir='ltr'><em>Μ</em></span> <span class='ocrx_word' id='word_1_372' title='bbox 1340 4183 1345 4249; x_wconf 91' lang='grc' dir='ltr'>Ι</span> <span class='ocrx_word' id='word_1_373' title='bbox 1387 4184 1425 4238; x_wconf 77' lang='lat' dir='ltr'><strong>lt</strong></span> <span class='ocrx_word' id='word_1_374' title='bbox 1452 4182 1523 4252; x_wconf 82' lang='lat' dir='ltr'><strong>yles]</strong></span> 
     </span>
     <span class='ocr_line' id='line_1_37' title="bbox 217 4260 1522 4335; baseline 0.006 -22"><span class='ocrx_word' id='word_1_375' title='bbox 217 4260 328 4327; x_wconf 76' lang='lat' dir='ltr'><strong>Traube,</strong></span> <span class='ocrx_word' id='word_1_376' title='bbox 347 4260 421 4331; x_wconf 79' lang='lat' dir='ltr'><strong>ylem</strong></span> <span class='ocrx_word' id='word_1_377' title='bbox 438 4260 473 4315; x_wconf 93' lang='grc' dir='ltr'><em>Μ</em></span> <span class='ocrx_word' id='word_1_378' title='bbox 501 4263 506 4328; x_wconf 99' lang='grc' dir='ltr'>Ι</span> <span class='ocrx_word' id='word_1_379' title='bbox 539 4263 578 4317; x_wconf 78' lang='grc'><strong>14</strong></span> <span class='ocrx_word' id='word_1_380' title='bbox 596 4261 635 4332; x_wconf 92' lang='lat' dir='ltr'><strong>in]</strong></span> <span class='ocrx_word' id='word_1_381' title='bbox 654 4263 714 4318; x_wconf 85' lang='lat' dir='ltr'><strong>aine</strong></span> <span class='ocrx_word' id='word_1_382' title='bbox 732 4264 835 4319; x_wconf 66' lang='lat' dir='ltr'><strong>Setiae</strong></span> <span class='ocrx_word' id='word_1_383' title='bbox 866 4265 871 4329; x_wconf 98' lang='grc' dir='ltr'>Ι</span> <span class='ocrx_word' id='word_1_384' title='bbox 905 4264 1101 4334; x_wconf 71' lang='lat' dir='ltr'><strong>liquandam</strong></span> <span class='ocrx_word' id='word_1_385' title='bbox 1121 4264 1156 4319; x_wconf 89' lang='lat' dir='ltr'><strong>lis</strong></span> <span class='ocrx_word' id='word_1_386' title='bbox 1180 4267 1265 4335; x_wconf 88' lang='lat' dir='ltr'><strong>atque</strong></span> <span class='ocrx_word' id='word_1_387' title='bbox 1285 4265 1324 4333; x_wconf 79' lang='lat' dir='ltr'><strong>M,</strong></span> <span class='ocrx_word' id='word_1_388' title='bbox 1347 4284 1399 4320; x_wconf 80' lang='lat' dir='ltr'><strong>eon</strong></span> <span class='ocrx_word' id='word_1_389' title='bbox 1419 4266 1522 4321; x_wconf 81' lang='lat' dir='ltr'><strong>Traube</strong></span> 
     </span>
     <span class='ocr_line' id='line_1_38' title="bbox 218 4345 1523 4419; baseline 0.005 -21"><span class='ocrx_word' id='word_1_390' title='bbox 218 4345 364 4399; x_wconf 72' lang='lat' dir='ltr'><strong>aerteamt</strong></span> <span class='ocrx_word' id='word_1_391' title='bbox 395 4348 400 4414; x_wconf 98' lang='grc' dir='ltr'>Ι</span> <span class='ocrx_word' id='word_1_392' title='bbox 431 4346 503 4400; x_wconf 79' lang='lat' dir='ltr'><strong>narb</strong></span> <span class='ocrx_word' id='word_1_393' title='bbox 520 4345 627 4401; x_wconf 82' lang='lat' dir='ltr'><strong>aniasin</strong></span> <span class='ocrx_word' id='word_1_394' title='bbox 644 4347 732 4415; x_wconf 69' lang='lat' dir='ltr'><strong>seiten</strong></span> <span class='ocrx_word' id='word_1_395' title='bbox 748 4349 837 4417; x_wconf 61' lang='lat' dir='ltr'><strong>eiam</strong></span> <span class='ocrx_word' id='word_1_396' title='bbox 854 4348 950 4415; x_wconf 72' lang='lat' dir='ltr'><strong>libne,</strong></span> <span class='ocrx_word' id='word_1_397' title='bbox 969 4356 1051 4403; x_wconf 79' lang='lat' dir='ltr'><strong>etwc:</strong></span> <span class='ocrx_word' id='word_1_398' title='bbox 1070 4349 1190 4417; x_wconf 88' lang='lat' dir='ltr'><strong>speciem</strong></span> <span class='ocrx_word' id='word_1_399' title='bbox 1208 4350 1523 4419; x_wconf 87' lang='lat' dir='ltr'><strong>quoquetantummodo</strong></span> 
     </span>
     <span class='ocr_line' id='line_1_39' title="bbox 220 4429 1524 4503; baseline 0.005 -21"><span class='ocrx_word' id='word_1_400' title='bbox 220 4429 324 4483; x_wconf 79' lang='lat' dir='ltr'><strong>Traube</strong></span> <span class='ocrx_word' id='word_1_401' title='bbox 341 4430 411 4499; x_wconf 85' lang='lat' dir='ltr'><strong>oder,</strong></span> <span class='ocrx_word' id='word_1_402' title='bbox 438 4430 555 4501; x_wconf 90' lang='lat' dir='ltr'><strong>speciem</strong></span> <span class='ocrx_word' id='word_1_403' title='bbox 573 4448 682 4500; x_wconf 89' lang='lat' dir='ltr'><strong>quoque</strong></span> <span class='ocrx_word' id='word_1_404' title='bbox 700 4434 784 4501; x_wconf 85' lang='lat' dir='ltr'><strong>atque</strong></span> <span class='ocrx_word' id='word_1_405' title='bbox 801 4433 908 4489; x_wconf 80' lang='lat' dir='ltr'><strong>eulasia</strong></span> <span class='ocrx_word' id='word_1_406' title='bbox 924 4433 1089 4499; x_wconf 82' lang='lat' dir='ltr'><strong>Bremboet‚</strong></span> <span class='ocrx_word' id='word_1_407' title='bbox 1106 4432 1239 4488; x_wconf 60' lang='lat' dir='ltr'><strong>muriam</strong></span> <span class='ocrx_word' id='word_1_408' title='bbox 1252 4438 1352 4503; x_wconf 65' lang='lat' dir='ltr'><strong>pendet</strong></span> <span class='ocrx_word' id='word_1_409' title='bbox 1370 4437 1399 4491; x_wconf 89' lang='lat' dir='ltr'><strong>et</strong></span> <span class='ocrx_word' id='word_1_410' title='bbox 1416 4435 1524 4490; x_wconf 86' lang='lat' dir='ltr'><strong>eniasin</strong></span> 
     </span>
     <span class='ocr_line' id='line_1_40' title="bbox 214 4514 1525 4590; baseline 0.004 -21"><span class='ocrx_word' id='word_1_411' title='bbox 214 4516 219 4580; x_wconf 94' lang='grc' dir='ltr'>Ι</span> <span class='ocrx_word' id='word_1_412' title='bbox 252 4515 290 4569; x_wconf 88' lang='grc'><strong>18</strong></span> <span class='ocrx_word' id='word_1_413' title='bbox 325 4514 436 4569; x_wconf 92' lang='lat' dir='ltr'><strong>initium</strong></span> <span class='ocrx_word' id='word_1_414' title='bbox 459 4514 494 4569; x_wconf 93' lang='grc' dir='ltr'><em>Μ</em></span> <span class='ocrx_word' id='word_1_415' title='bbox 526 4516 531 4584; x_wconf 99' lang='grc' dir='ltr'>Ι</span> <span class='ocrx_word' id='word_1_416' title='bbox 577 4517 667 4583; x_wconf 69' lang='lat' dir='ltr'><strong>tusce</strong></span> <span class='ocrx_word' id='word_1_417' title='bbox 698 4516 800 4587; x_wconf 77' lang='lat' dir='ltr'><strong>dogma</strong></span> <span class='ocrx_word' id='word_1_418' title='bbox 825 4520 854 4573; x_wconf 92' lang='lat' dir='ltr'><strong>et</strong></span> <span class='ocrx_word' id='word_1_419' title='bbox 880 4517 1025 4573; x_wconf 87' lang='lat' dir='ltr'><strong>inscientia</strong></span> <span class='ocrx_word' id='word_1_420' title='bbox 1051 4535 1115 4572; x_wconf 88' lang='lat' dir='ltr'><strong>nam</strong></span> <span class='ocrx_word' id='word_1_421' title='bbox 1141 4516 1185 4571; x_wconf 91' lang='lat' dir='ltr'><strong>illi</strong></span> <span class='ocrx_word' id='word_1_422' title='bbox 1206 4520 1352 4574; x_wconf 86' lang='lat' dir='ltr'><strong>auersante</strong></span> <span class='ocrx_word' id='word_1_423' title='bbox 1370 4520 1525 4590; x_wconf 86' lang='lat' dir='ltr'><strong>conscripta</strong></span> 
     </span>
     <span class='ocr_line' id='line_1_41' title="bbox 217 4596 1525 4671; baseline 0.008 -20"><span class='ocrx_word' id='word_1_424' title='bbox 217 4596 256 4660; x_wconf 80' lang='lat' dir='ltr'><strong>M,</strong></span> <span class='ocrx_word' id='word_1_425' title='bbox 274 4614 325 4651; x_wconf 82' lang='lat' dir='ltr'><strong>eon</strong></span> <span class='ocrx_word' id='word_1_426' title='bbox 348 4598 449 4654; x_wconf 76' lang='lat' dir='ltr'><strong>lteube</strong></span> <span class='ocrx_word' id='word_1_427' title='bbox 465 4599 617 4663; x_wconf 61' lang='lat' dir='ltr'><strong>caeream,</strong></span> <span class='ocrx_word' id='word_1_428' title='bbox 643 4600 745 4671; x_wconf 80' lang='lat' dir='ltr'><strong>dogma</strong></span> <span class='ocrx_word' id='word_1_429' title='bbox 770 4604 799 4656; x_wconf 89' lang='lat' dir='ltr'><strong>et</strong></span> <span class='ocrx_word' id='word_1_430' title='bbox 816 4602 964 4657; x_wconf 87' lang='lat' dir='ltr'><strong>inscientia</strong></span> <span class='ocrx_word' id='word_1_431' title='bbox 979 4602 1064 4656; x_wconf 86' lang='lat' dir='ltr'><strong>etiam</strong></span> <span class='ocrx_word' id='word_1_432' title='bbox 1081 4602 1131 4658; x_wconf 92' lang='lat' dir='ltr'><strong>illo</strong></span> <span class='ocrx_word' id='word_1_433' title='bbox 1149 4604 1294 4657; x_wconf 83' lang='lat' dir='ltr'><strong>aversante</strong></span> <span class='ocrx_word' id='word_1_434' title='bbox 1312 4602 1416 4659; x_wconf 78' lang='lat' dir='ltr'><strong>Scbdue</strong></span> <span class='ocrx_word' id='word_1_435' title='bbox 1447 4605 1451 4671; x_wconf 96' lang='grc' dir='ltr'>Ι</span> <span class='ocrx_word' id='word_1_436' title='bbox 1484 4606 1525 4661; x_wconf 77' lang='grc'><strong>30</strong></span> 
     </span>
    </p>
   </div>
   <div class='ocr_carea' id='block_1_6' title="bbox 215 4683 1309 4827">
    <p class='ocr_par' dir='ltr' id='par_1_14' title="bbox 215 4683 1309 4827">
     <span class='ocr_line' id='line_1_42' title="bbox 215 4683 826 4752; baseline 0 -12"><span class='ocrx_word' id='word_1_437' title='bbox 215 4698 361 4752; x_wconf 83' lang='lat' dir='ltr'><strong>snspensas</strong></span> <span class='ocrx_word' id='word_1_438' title='bbox 378 4686 421 4738; x_wconf 86' lang='lat' dir='ltr'><strong>est</strong></span> <span class='ocrx_word' id='word_1_439' title='bbox 438 4683 477 4748; x_wconf 80' lang='lat' dir='ltr'><strong>M,</strong></span> <span class='ocrx_word' id='word_1_440' title='bbox 494 4701 546 4738; x_wconf 83' lang='lat' dir='ltr'><strong>een</strong></span> <span class='ocrx_word' id='word_1_441' title='bbox 567 4683 667 4738; x_wconf 55' lang='lat' dir='ltr'><strong>lton&amp;</strong></span> <span class='ocrx_word' id='word_1_442' title='bbox 684 4685 826 4740; x_wconf 64' lang='lat' dir='ltr'><strong>terame</strong></span> 
     </span>
     <span class='ocr_line' id='line_1_43' title="bbox 269 4767 1309 4827; baseline 0.015 -16"><span class='ocrx_word' id='word_1_443' title='bbox 269 4767 331 4812; x_wconf 83' lang='lat' dir='ltr'><strong>Acta</strong></span> <span class='ocrx_word' id='word_1_444' title='bbox 343 4768 464 4814; x_wconf 80' lang='lat' dir='ltr'><strong>Archelai.</strong></span> <span class='ocrx_word' id='word_1_445' title='bbox 1293 4774 1309 4827; x_wconf 86' lang='grc'><strong>7</strong></span> 
     </span>
    </p>
   </div>
   <div class='ocr_carea' id='block_1_7' title="bbox 0 0 1876 5568">
    <p class='ocr_par' dir='ltr' id='par_1_15' title="bbox 0 0 1876 5568">
     <span class='ocr_line' id='line_1_44' title="bbox 0 0 1876 5568; baseline 0 0"><span class='ocrx_word' id='word_1_446' title='bbox 0 0 1876 5568; x_wconf 95' lang='lat' dir='ltr'><strong> </strong></span> 
     </span>
    </p>
   </div>
  </div>
 </body>
</html>
