3768 5566
597 1339 773 1437 acra
808 1339 1188 1492 lacunam.

318 1562 498 1629 Thesaurus
519 1587 611 1629 verus
634 1565 699 1630 sive
721 1565 893 1648 disputatio
916 1564 1025 1628 habita
1046 1565 1079 1628 in
1102 1562 1267 1629 Cercharis
1294 1563 1422 1627 civitate
1443 1563 1547 1629 Meso·

234 1664 394 1748 potamiae
416 1662 565 1727 Archelai
591 1665 732 1748 episcopi
763 1667 913 1729 adversus
935 1665 1064 1744 Manen,
1095 1663 1310 1728 iudicantibus
1333 1664 1485 1747 Menippo
1516 1667 1548 1727 et

235 1762 389 1847 Aegialeo
411 1768 443 1827 et
465 1761 598 1829 Claudio
621 1768 653 1828 et
674 1762 835 1829 Cleobolo.
877 1761 915 1827 ln
945 1786 1008 1846 qua
1037 1765 1116 1827 urbe
1143 1768 1210 1827 erat
1236 1763 1367 1846 quidam
1393 1764 1442 1826 vir
1463 1764 1585 1827 Mar-⁶2

199 1862 333 1936 ocellus
355 1863 483 1927 nomine
505 1863 560 1946 qui
575 1863 641 1927 vita
663 1868 694 1928 et
715 1863 829 1928 studiis
844 1867 877 1927 et
898 1880 1020 1945 genere,
1042 1864 1210 1945 prudentia
1232 1886 1359 1946 quoque
1382 1866 1413 1926 et
1435 1863 1547 1927 hones-

235 1966 300 2027 tate
339 1960 431 2025 valde
467 1962 570 2027 clarus
606 1964 794 2039 habebatur3
834 1961 1038 2026 facultatibus
1073 1961 1169 2026 etiam
1203 1963 1350 2044 copiosus
1391 1967 1422 2025 et
1461 1965 1547 2045 quod

236 2062 378 2128 omniurn
408 2062 582 2125 maximum
613 2067 672 2144 est,
703 2060 942 2145 religiosissime
973 2062 1066 2125 deum
1097 2061 1224 2143 timens,
1257 2066 1289 2125 et
1318 2060 1368 2126 his
1399 2083 1479 2144 quae
1508 2064 1547 2126 de

236 2162 362 2225 [bristo
385 2160 572 2225 dicebantur
591 2184 715 2244 semper
730 2183 803 2226 cum
817 2161 931 2226 timore
946 2159 1136 2241 auscultem,
1158 2162 1401 2245 necquicquam
1417 2161 1546 2225 omnino

236 2260 313 2326 boni
343 2264 410 2324 erat
440 2263 526 2343 quod
551 2260 600 2324 illi
620 2262 689 2326 viro
712 2263 846 2339 deesset3
873 2263 956 2324 unde
982 2261 1154 2326 ethonore
1180 2259 1318 2343 plurimo
1340 2263 1380 2325 ab
1403 2260 1585 2326 universati

182 2377 219 2432 10
237 2361 364 2425 civitate
390 2360 552 2425 colebatur
580 2359 791 2444 plurimisque
817 2361 885 2444 ipse
908 2359 1067 2424 civitatem
1091 2382 1180 2424 suem
1202 2361 1384 2444 frequenter
1404 2360 1548 2444 largitio·

238 2462 330 2525 nibus
352 2460 622 2539 remunerabatur,
649 2461 839 2544 pauperibus
861 2460 1016 2539 tribuens,
1043 2458 1188 2524 adflictos
1210 2459 1366 2540 relevans,
1387 2461 1548 2526 tribulatis

237 2560 390 2625 auxilium
412 2561 525 2625 ferens.
561 2557 623 2623 Sed
639 2583 677 2624 ne
698 2558 882 2625 infirmitate
897 2561 1066 2624 verborum
1085 2559 1256 2624 virtutibus
1278 2559 1338 2623 viri
1360 2563 1548 2645 derogemus

237 2661 342 2744 potius
369 2681 466 2743 quam
491 2659 589 2742 digna
614 2660 824 2742 proferamus,
854 2659 932 2723 haee
962 2659 1079 2723 dixisse
1109 2658 1261 2736 sufficiat3
1292 2662 1332 2723 ad
1358 2682 1438 2742 opus
1461 2664 1547 2744 quod

236 2760 434 2843 propositum
461 2763 510 2822 est
534 2758 667 2824 veniam.
711 2758 854 2835 Quodam
886 2759 919 2822 in
949 2763 1092 2842 tempore
1118 2779 1191 2821 cum
1213 2758 1370 2824 Archelao
1397 2750 1584 2844 episcopos

184 2879 219 2933 15
237 2860 434 2942 captivorum
456 2857 626 2923 multitudo
650 2859 761 2923 linisset
783 2858 890 2923 oblata
905 2881 923 2921 a
937 2857 1093 2922 militibus
1116 2857 1170 2940 qui
1185 2857 1230 2920 ibi
1245 2861 1348 2921 eastra
1370 2861 1546 2940 servabant,

237 2963 358 3042 septem
379 2957 468 3023 milia
489 2980 620 3023 numero
644 2962 675 3023 et
697 2958 898 3042 septingenti,
919 2981 983 3024 non
1005 2956 1173 3021 mediocris
1189 2979 1260 3020 eum
1276 2956 1458 3025 sollicitudo
1473 2981 1547 3025 con·

238 3058 418 3138 strinxerat,
445 3081 481 3122 eo
509 3061 594 3141 quod
622 3080 679 3141 pro
706 3058 807 3123 salute
832 3058 974 3141 ipsorum
998 3078 1108 3120 aurum
1135 3079 1154 3119 a
1175 3055 1330 3121 militibus
1351 3064 1546 3139 posceretur3

238 3157 355 3241 quique
377 3178 449 3221 curn
471 3156 670 3222 dissimulare
692 3180 756 3223 non
786 3160 905 3239 posset,
932 3177 992 3239 pro
1013 3154 1166 3238 religione
1193 3160 1225 3219 et
1246 3157 1359 3221 timore
1382 3157 1547 3222 (19119119-

237 3261 359 3320 menter
380 3257 545 3320 aestuabat
567 3261 609 3336 et,
631 3260 759 3321 tandem
781 3259 822 3320 ad
843 3254 1029 3320 Marcellum
1051 3277 1232 3338 properans,
1253 3256 1299 3319 rei
1321 3261 1428 3339 gestae
1450 3276 1547 3341 nego·

182 3376 220 3431 20
237 3354 318 3419 tium
340 3356 477 3439 exponit.
509 3355 627 3420 Verum
642 3360 678 3421 ut
693 3358 770 3421 haec
793 3356 915 3420 audivit
935 3355 1098 3438 piissimus
1114 3352 1292 3433 Marcellus,
1314 3353 1394 3418 nihil
1415 3356 1545 3422 omnino
1565 3374 1584 3428 5

326 3519 382 3574 CM

324 3656 339 3709 l
359 3653 515 3724 Disputatio
532 3655 662 3725 archeley
679 3658 708 3710 et
725 3652 870 3724 manychei
882 3655 944 3721 (rot)
962 3653 1006 3707 vel
1025 3670 1119 3707 manes
1137 3653 1239 3723 scripta
1256 3654 1291 3709 ab
1309 3654 1454 3723 emogenio
1473 3672 1546 3726 pree·

238 3739 334 3807 hytero
362 3755 412 3791 roo
432 3739 501 3793 arrei
520 3739 679 3793 Schrerbem
700 3741 745 3795 dea
763 3739 842 3793 XIV.
859 3737 1059 3819 Jabsbunderts
1078 3737 1250 3803 ¹aeschriebea
1276 3738 1304 3794 Ο.
1339 3738 1439 3809 Incipit
1455 3739 1546 3793 Alter·

237 3822 310 3878 catio
328 3823 422 3877 Sancti
439 3824 575 3893 Archelay
593 3824 712 3895 episcopi
730 3823 926 3894 mesopotamia
949 3840 1011 3877 eum
1029 3822 1178 3877 maledicto
1197 3822 1341 3878 Manicheo
1359 3823 1480 3879 heretico
1499 3823 1547 3878 ubi

236 3906 338 3961 dieitur
359 3910 388 3961 et
408 3906 444 3962 de
461 3907 622 3963 condicione
648 3912 677 3962 et
698 3908 733 3963 (19
755 3907 880 3962 doctrina
897 3909 926 3962 et
943 3907 978 3961 de
996 3907 1050 3961 fine
1067 3906 1151 3977 ipsius
1170 3907 1310 3962 maledieti
1329 3907 1467 3962 manichei
1484 3908 1546 3976 (rot)

239 3990 272 4044 Μ
294 3992 299 4059 Ι
332 3993 349 4047 2
368 3991 514 4062 carcharis]
532 4010 570 4047 au
587 3994 701 4049 carchar
717 3992 803 4046 durch
816 3992 881 4045 Rae.
900 4009 969 4047 corr.
992 3991 1187 4047 debacharis
1205 3992 1245 4055 M,
1262 3992 1312 4059 apl.
1330 3994 1355 4055 4,
1368 3994 1399 4056 4;
1416 3992 1488 4046 auch
1505 3993 1549 4046 tei

234 4077 289 4129 den
311 4075 444 4130 Grreohm
466 4077 504 4130 iat
520 4077 564 4132 dr'e
583 4078 668 4131 Form
680 4077 766 4131 dieses
781 4075 885 4128 ll'ertcs
902 4076 1046 4139 amictum
1066 4076 1109 4130 bei
1125 4076 1304 4145 Epiphanius
1314 4076 1399 4144 findet
1419 4093 1487 4131 man
1503 4079 1547 4132 die

240 4160 355 4214 chnen
374 4158 537 4231 Κασχάρων
554 4163 611 4216 und
625 4159 793 4231 Καλχάρων,
810 4160 853 4214 tra
861 4160 977 4214 Plautiae
996 4158 1166 4231 Καρχάρων,
1184 4160 1226 4216 tei
1247 4161 1335 4230 cyrill
1352 4162 1411 4215 arrd
1423 4161 1547 4217 Socrates

240 4244 409 4315 Κασχάρων,
427 4246 469 4298 tei
485 4247 545 4299 dem
563 4249 665 4301 Aaaor
682 4262 838 4314 anorrymua
855 4244 941 4299 libelli
960 4244 1093 4313 Synodiei
1110 4246 1142 4303 (a.
1158 4242 1328 4312 mammons)
1349 4244 1513 4316 Καρχάρων
1543 4248 1547 4317 Ι

236 4331 258 4385 3
276 4329 396 4385 archelai
414 4330 533 4402 episcopi
555 4331 685 4387 adversus
710 4346 810 4383 manen
829 4339 862 4389 <
883 4330 906 4384 Ο
927 4330 1057 4383 riellor'cht
1073 4329 1126 4382 mit
1143 4327 1226 4381 Rertt
1253 4328 1258 4393 Ι
1296 4328 1436 4403 adversm]
1454 4349 1547 4388 nerana

235 4414 403 4470 (91199Μ
430 4418 435 4481 Ι
466 4415 616 4485 tegealeo
635 4416 676 4481 M;
696 4415 744 4483 191.
762 4414 812 4481 [tir
829 4414 900 4467 debeo
919 4415 1029 4468 Nomen
1045 4413 1090 4476 23,
1103 4414 1186 4466 9-11
1209 4415 1213 4480 Ι
1238 4413 1410 4470 cleobuloM
1440 4417 1444 4481 Ι
1476 4416 1549 4470 noch

237 4499 306 4554 urbe
329 4503 360 4564 -Ι-
379 4500 620 4569 mesopotamieG
651 4501 656 4568 Ι
689 4498 930 4556 SabscultnnaM
958 4501 962 4567 Ι
995 4497 1154 4568 quiequam]
1174 4514 1233 4555 99.
1252 4499 1316 4552 Ira«.
1335 4500 1517 4556 (9999110
1543 4502 1547 4569 Ι

240 4584 277 4638 11
298 4585 490 4639 remunerabat
507 4584 539 4637 M
569 4587 574 4648 Ι
609 4585 646 4639 la
665 4583 734 4637 nort
752 4583 872 4638 sufficiat
889 4590 921 4649 -Ι-
938 4587 970 4637 ut
989 4581 1022 4636 Μ
1049 4585 1054 4647 Ι
1089 4581 1127 4636 14
1145 4581 1287 4636 ueniamus
1306 4583 1340 4636 Μ
1369 4585 1373 4651 Ι
1408 4584 1445 4640 18
1464 4585 1552 4654 qniO

284 4668 321 4723 la
348 4667 388 4721 rei
417 4666 521 4738 gestae]
553 4685 633 4723 omne
659 4672 722 4735 (aas
745 4686 853 4724 omnem
880 4685 949 4722 corr.
978 4666 1034 4733 ⁴ll²)
1058 4665 1091 4718 Μ
1119 4667 1125 4735 Ι
1157 4665 1198 4721 ab
1225 4669 1257 4721 ut
1283 4684 1347 4721 vero
1375 4668 1409 4721 Μ
1435 4670 1439 4737 Ι
1477 4669 1548 4723 arach

237 4750 347 4806 audiuit
364 4758 396 4814 -Ι-
414 4752 457 4805 nir
478 4753 501 4805 0

296 4837 359 4880 Aeta
372 4836 492 4881 Archelai.
1323 4840 1336 4890 1
