3726 5568
318 473 358 537 98
879 471 1064 543 Hegemouius

317 638 502 704 abscideret
544 636 634 703 Sicut
655 640 740 704 enim
762 639 833 723 quis
855 643 1000 708 dracoms
1014 648 1110 727 caput
1123 663 1251 709 enecans
1263 644 1387 729 reliqua
1402 647 1543 730 corporis
1558 647 1626 714 eius
1644 657 1667 713 8

317 736 445 803 inutilia
472 744 568 823 atque
595 740 703 804 inania
731 740 935 825 derelinquet,
956 744 1003 807 ita
1031 747 1063 807 et
1089 764 1157 818 nos,
1179 744 1207 807 si
1235 745 1421 828 dispositam
1448 768 1513 811 non
1540 752 1627 813 recte

318 841 494 903 creaturam
523 843 555 902 et
583 839 841 905 commixtionem
873 844 1007 907 ducrum
1038 843 1265 926 ingenitorum,
1294 843 1374 909 lucis
1404 867 1441 911 ac
1469 847 1626 924 tenebrae,

317 940 400 1004 sicut
430 936 586 1003 Basilides
621 940 806 1022 praesumit,
845 942 1084 1020 ostenderimus,
1120 943 1188 1008 sine
1223 941 1320 1008 dubio
1351 934 1462 1009 'omnia
1496 944 1628 1030 reliqua,

283 1047 398 1123 {aquae
428 1038 495 1122 ipse
525 1039 644 1112 scribit,
673 1040 781 1104 inania
811 1045 842 1105 et
872 1062 952 1124 qnae
982 1062 1040 1105 nos
1069 1042 1264 1125 scripsimus,
1295 1064 1369 1108 vera
1398 1065 1465 1109 esse
1486 1045 1626 1129 signabi-

316 1160 395 1203 mus.
437 1137 509 1203 Hoc
539 1142 644 1204 autem
676 1141 827 1224 deprecor
856 1161 922 1220 eos,
958 1141 1013 1225 qui
1042 1141 1092 1206 his
1122 1140 1273 1226 exemplis
1306 1143 1355 1207 uti
1385 1143 1555 1224 voluerint,
1589 1149 1665 1210 uta

316 1239 465 1303 subtilius
490 1239 673 1304 intueantur
697 1260 954 1324 unumquemque
980 1260 1169 1320 sermonem,
1192 1242 1341 1325 quoniam
1365 1244 1493 1326 quidem
1514 1246 1626 1327 argute

316 1343 349 1403 et
379 1339 515 1403 breviter
535 1337 692 1404 Basilides
722 1338 846 1404 locutus
868 1343 916 1404 est
937 1362 986 1420 ea,
1013 1362 1093 1424 quae
1114 1343 1199 1424 apud
1217 1341 1425 1424 Scythianum
1446 1348 1628 1427 reppererat

316 1437 460 1515 definita,
492 1459 572 1523 quae
598 1438 651 1503 hic
677 1437 831 1503 translata
852 1438 1000 1505 subtilius
1021 1441 1214 1524 argumentis
1237 1463 1363 1527 quoque
1386 1441 1627 1508 violentioribus

264 1547 299 1601 10
316 1538 531 1615 communivit,
551 1538 601 1602 uti
627 1539 794 1604 verborum
815 1540 954 1604 novitate
975 1541 1104 1624 propria
1126 1562 1183 1605 sua
1205 1562 1272 1606 esse
1294 1546 1489 1625 putarentur.
1530 1539 1627 1620 Haec,

315 1645 352 1705 ut
378 1639 552 1723 potuimus,
574 1660 594 1701 a
618 1636 710 1703 nobis
740 1639 826 1704 dicta
854 1644 935 1705 sunt
977 1638 1132 1705 Poterunt
1161 1644 1267 1706 autem
1297 1642 1338 1722 hi,
1360 1642 1416 1725 qui
1445 1662 1503 1706 nos
1533 1650 1666 1705 sensut

315 1738 493 1804 sublimiori
521 1736 730 1822 praecellunt,
760 1737 853 1822 plura
881 1740 995 1804 horum
1025 1761 1062 1805 ae
1096 1739 1229 1805 meliora
1256 1741 1397 1824 proferre
1427 1745 1522 1825 atque
1552 1762 1626 1806 con-

315 1840 452 1905 scribere
475 1841 640 1903 adversum
662 1859 715 1905 eos
736 1838 848 1919 libros,
877 1840 932 1923 qui
953 1840 993 1904 ab
1014 1838 1072 1904 illo
1101 1841 1179 1905 editi
1199 1845 1281 1906 sunt
1324 1839 1431 1905 Finita
1459 1859 1535 1924 ergo
1564 1840 1627 1904 dis-

315 1931 481 2023 putatione
502 1937 572 2017 ista,
602 1937 777 2004 Archelaus
807 1940 916 2003 turbas
945 1936 1018 2004 cum
1051 1960 1129 2022 pace
1159 1940 1280 2004 dimisit
1309 1942 1348 2004 ed
1378 1940 1513 2024 propria
1564 1938 1627 2017 Qui

265 2049 298 2102 15
316 2040 537 2104 benedicentes
560 2060 632 2103 eum
656 2059 741 2114 voce,
764 2059 827 2121 qua
848 2039 980 2122 dignum
1003 2043 1058 2117 est,
1080 2060 1152 2103 cum
1168 2040 1255 2104 omni
1273 2038 1395 2103 laetitia
1409 2040 1627 2104 discesserunt.

399 2136 471 2222 Ego
486 2135 682 2221 Egemonius
696 2138 808 2220 scripsi
828 2138 1073 2221 disputationem
1094 2138 1188 2202 istam
1203 2142 1366 2221 exceptam
1387 2140 1427 2202 ad
1449 2139 1627 2202 describen-

317 2241 393 2303 dum
415 2236 604 2303 volentibus.

400 2518 534 2585 Veteres
555 2517 686 2582 heretici
706 2520 936 2601 propemodum
963 2541 1071 2584 omnes
1098 2520 1296 2584 divinitatem
1318 2519 1477 2602 duplicem
1498 2518 1625 2583 simula-

317 2625 399 2701 runt,
419 2625 457 2684 ut
477 2617 575 2683 alium
596 2619 716 2683 bonum
738 2620 840 2697 deum,
862 2617 958 2683 alium
980 2620 1098 2684 iustum
1120 2641 1186 2684 esse
1208 2617 1425 2703 confingerent
1439 2624 1471 2683 et
1485 2619 1625 2684 dicerent

266 2730 300 2783 20
317 2721 394 2785 boni
415 2720 466 2784 dei
492 2718 702 2783 subvenitcris
733 2721 827 2801 atque
857 2717 997 2783 melioris
1027 2718 1129 2783 filium
1155 2719 1318 2784 dominum
1339 2716 1443 2783 lesum
1464 2715 1624 2783 Christum

317 2820 440 2884 venisse
461 2819 494 2883 in
516 2819 601 2883 hunc
622 2819 784 2894 mundum,
807 2821 843 2882 ut
864 2820 903 2882 de
917 2818 993 2883 iusti
1015 2819 1074 2899 dei,
1097 2840 1190 2902 quem
1209 2821 1332 2882 tantum
1355 2838 1497 2882 severum
1512 2821 1625 2900 putant

318 2920 491 2998 dominum,
512 2919 634 2982 animas
656 2920 696 2981 ad
716 2917 866 3001 pristinas
888 2919 1051 2983 reduceret
1072 2920 1169 2995 sedes,
1192 2938 1272 3001 quae
1287 2917 1437 2981 creatoris
1455 2922 1623 3000 praecepto

316 3018 500 3103 corporibus
529 3016 663 3082 fuissent
692 3015 818 3100 ligatae.
859 3014 908 3080 Ex
931 3016 1045 3100 quibus
1075 3022 1124 3082 est
1144 3016 1268 3082 Oerdon
1298 3021 1392 3100 atque
1417 3015 1560 3081 Marcion
1590 3022 1659 3088 eta

316 3118 412 3185 ceteri
434 3119 490 3203 qui
511 3138 619 3182 eorum
641 3119 816 3199 sequuntur
834 3137 980 3182 errorem.
1022 3116 1210 3183 Valentinus
1226 3137 1301 3181 vero
1322 3115 1442 3199 etipse
1464 3115 1622 3199 duplicem

264 3230 298 3285 25
316 3242 382 3285 esse
404 3216 565 3284 simulavit
585 3215 795 3297 divinitatem,
826 3214 853 3280 is
874 3214 969 3281 simul
999 3220 1031 3281 et
1055 3237 1189 3282 aeonum
1211 3236 1378 3281 numerum
1398 3237 1515 3280 novum
1535 3215 1622 3279 visus

316 3326 364 3386 est
384 3319 560 3391 introferre,
583 3318 669 3401 quod
689 3313 822 3399 triginta
847 3336 962 3382 aeonas
982 3315 1068 3381 visus
1095 3321 1143 3381 est
1163 3316 1274 3381 dicere.
1317 3313 1474 3380 Basilides
1496 3335 1659 3400 quoquae

315 3423 354 3485 de
375 3420 436 3484 hac
456 3417 607 3501 inpietate
630 3415 800 3495 descendit,
823 3414 878 3499 qui
898 3419 948 3481 tot
968 3416 1043 3480 deos
1065 3414 1193 3480 simulat
1213 3436 1290 3494 esse,
1312 3419 1397 3499 quot¹
1411 3414 1525 3479 diesin
1539 3436 1622 3479 anno

315 3524 399 3597 sunt,
422 3522 453 3583 et
479 3519 518 3582 de
544 3517 594 3581 his
617 3515 706 3599 quasi
727 3513 933 3580 minutalibus
960 3537 1056 3581 unam
1083 3536 1239 3579 summam
1263 3512 1438 3578 divinitatis
1466 3513 1565 3579 efficit
1591 3519 1623 3578 et

315 3617 455 3703 appellat
475 3614 635 3695 Mithram,
657 3616 813 3699 siquidem
834 3614 924 3681 iuxta
945 3614 1202 3699 conputationem
1224 3611 1415 3678 Graecarum
1443 3611 1621 3679 litterarum

262 3726 297 3781 30
314 3718 449 3783 Mithres
471 3717 547 3780 anui
568 3737 733 3780 numerum
754 3715 858 3780 habet
894 3712 938 3779 Hi
958 3737 1022 3781 non
1052 3713 1187 3779 multum
1209 3735 1229 3776 a
1250 3711 1428 3796 gentilitate
1450 3713 1569 3777 distem
1590 3716 1659 3782 eta

315 3819 433 3883 eisdem
463 3837 561 3900 paene
592 3815 751 3898 mysteriis
780 3814 966 3892 inbuuntur,
989 3815 1103 3898 quibus
1124 3837 1143 3877 a
1164 3811 1335 3896 gentilibus
1356 3811 1507 3877 initiatur.
1550 3810 1622 3876 Hoc

315 3918 464 3982 defuncto
486 3915 566 3980 aliae
587 3937 711 3979 rursum
734 3913 852 3979 multae
874 3916 1014 3979 diversae
1035 3915 1160 3979 hereses
1182 3910 1381 3991 ebullierunt,
1400 3934 1486 3996 ¹quae
1508 3912 1621 3976 divini·

314 4022 413 4083 tatem
435 4014 552 4080 Christi
583 4020 734 4099 negantes
764 4017 983 4080 tantummodo
1014 4014 1203 4078 confitentur
1232 4011 1463 4076 humanitatem
1494 4012 1560 4077 eius
1582 4032 1620 4075 ex

398 4181 434 4235 M

399 4319 418 4373 3
437 4316 648 4372 commotionem
658 4314 696 4377 M,
714 4331 766 4368 oca
785 4313 887 4369 lhaute
904 4313 1046 4367 cartesaert
1069 4313 1074 4381 Ι
1099 4312 1116 4369 b
1134 4312 1305 4381 signauimue
1318 4312 1356 4375 M,
1375 4326 1427 4364 con
1442 4308 1544 4364 ltoube
1560 4326 1618 4363 ccr-

313 4403 410 4456 beescrt
442 4405 446 4472 Ι
479 4402 518 4457 22
536 4400 688 4469 dominum]
706 4399 825 4454 Mcrcoti
840 4399 899 4453 cord
918 4398 1022 4453 ltro-ner
1038 4396 1161 4451 mdcbten
1178 4396 1300 4452 dominio
1319 4398 1403 4461 merc,
1421 4393 1551 4448 viellee'cbt
1567 4392 1621 4447 mit

313 4487 396 4541 Racbt
427 4491 432 4556 Ι
465 4489 505 4543 23
522 4504 619 4542 maron
637 4484 671 4537 M
699 4485 704 4552 Ι
737 4485 776 4541 25
799 4483 971 4539 simularunt.
1007 4483 1051 4537 Ita
1073 4481 1249 4536 diuinitatem
1267 4482 1310 4537 ihs
1333 4478 1446 4536 simulet
1464 4495 1563 4533 conum
1580 4476 1620 4544 M,

312 4589 364 4626 con
385 4571 485 4626 ltaute
503 4571 644 4625 verbeeoert
676 4572 680 4639 Ι
713 4569 750 4625 27
771 4567 922 4637 descendit]
939 4568 990 4621 dos
1007 4571 1076 4620 ercle
1093 4583 1108 4620 e
1126 4566 1258 4620 ciellcictt
1274 4584 1301 4623 a.
1318 4566 1385 4621 Rus.
1404 4561 1438 4615 M
1466 4566 1470 4631 Ι
1504 4563 1619 4631 29111]-

312 4658 385 4709 tram
402 4655 437 4709 M
464 4656 469 4724 Ι
502 4657 542 4711 80
559 4658 664 4725 mytras
682 4653 717 4707 M
744 4654 749 4721 Ι
781 4651 886 4708 habent
903 4652 943 4706 hii
961 4653 999 4716 M,
1016 4668 1069 4705 oon
1089 4650 1190 4704 Traube
1207 4651 1350 4705 cerbasscrt
