3768 5566
319 566 339 626 6
882 556 1066 628 Hegemonius

269 790 276 801 x
381 718 471 805 δεξιά
488 727 549 791 τοῦ
560 718 678 806 ηωτὸς
693 716 906 809 διατηρήσειέ
918 745 953 790 σε
969 715 1037 791 άπὸ
1054 724 1116 790 τού
1131 721 1319 800 ἐνεστῶτος
1335 718 1460 797 αἰῶνος
1474 721 1627 803 πονηροῦ

275 804 281 831 ’
382 825 436 889 καὶ
460 826 532 891 τῶν
555 816 816 907 συμπτωμάτων
838 816 945 892 αύτού
965 825 1021 889 καὶ
1047 824 1202 906 παγίδων
1233 823 1296 887 τού
1325 821 1487 905 πονηροῦ.
1530 812 1627 906 άμήν.

407 951 473 1040 Τὴν
494 959 555 1041 μὲν
574 959 650 1042 περὶ
673 958 709 1024 σὲ
730 948 866 1042 ἀγάπην
886 959 1046 1041 μεγίστην
1061 943 1167 1023 οὖσαν
1182 956 1369 1041 αἰσθηθεὶς,
1393 956 1469 1020 λίαν
1491 946 1627 1038 ἐχάρην·
1646 967 1664 1021 2

320 1050 384 1141 τὴν
412 1058 447 1123 δὲ
475 1060 590 1124 πίστιν
617 1048 680 1123 ούκ
706 1045 811 1125 ούσαν
835 1049 923 1122 κατά
953 1049 1016 1124 τόν
1046 1047 1157 1141 ὀρθόν
1187 1046 1292 1139 λόγον
1322 1046 1507 1140 ἠχθέσθην·
1544 1043 1627 1121 ὅθεν

285 1149 406 1240 οπρὸς
421 1150 661 1235 ἐπανόρθωσιν
676 1158 739 1223 τού
755 1158 828 1223 των
850 1149 1048 1239 άνθοιόπων
1068 1158 1185 1241 γένους
1205 1146 1408 1232 άποσταλιὶς
1430 1146 1628 1238 φειδόμενός

321 1280 357 1323 τε
381 1259 454 1321 τῶν
476 1247 589 1338 άπάτη
611 1257 666 1323 καὶ
688 1250 803 1338 πλάνη
826 1250 966 1335 ἑαυτούς
987 1248 1239 1329 ἐκδεδωκότων,
1263 1257 1372 1320 ταῦτα
1387 1249 1430 1320 τά
1451 1245 1628 1337 γράμματα

319 1349 406 1439 πρὸς
426 1357 461 1420 οὲ
484 1347 669 1439 ἀναγκαῖον
693 1347 869 1441 ἡγησάμην
883 1347 1093 1423 άποστεῑλαι·
1114 1358 1259 1439 πρῶτον
1273 1355 1335 1438 μὲν
1349 1347 1435 1435 πρὸς
1456 1356 1627 1439 σωτηρίαν
1646 1370 1666 1424 c

320 1454 381 1539 τῆς
404 1457 547 1521 σεαυτοῦ
569 1456 689 1542 ψυχῆς,
718 1455 834 1522 ἔπειτα
860 1456 896 1521 δὲ
921 1456 975 1520 καὶ
998 1458 1072 1521 τῶν
1093 1441 1160 1540 άμα
1182 1475 1234 1521 σοι
1256 1447 1512 1538 τυγχανόντων,
1541 1446 1628 1536 πρὸς

319 1548 361 1621 τὸ
384 1549 460 1639 <μὴ>
483 1547 681 1638 άδιάκηιτόν
702 1575 738 1622 σε
761 1553 847 1640 ἔχειν
869 1548 933 1622 τόν
955 1545 1129 1639 λογισμόν,
1157 1547 1205 1632 cic
1231 1552 1265 1621 ot
1286 1556 1361 1619 τῶν
1382 1544 1628 1638 ἁπλουστέρων

269 1664 302 1719 10
319 1646 549 1738 καθηγεμόνες
572 1647 764 1722 διδάσκουσι
786 1656 944 1739 λέγοντες
969 1649 1011 1721 τὸ
1037 1647 1171 1738 άγαδόν
1197 1655 1252 1720 καὶ
1279 1647 1319 1719 τό
1345 1647 1453 1720 κακόν
1473 1646 1542 1720 άπὸ
1564 1654 1628 1718 τού

319 1744 425 1820 critob
448 1754 623 1837 φέρεσθαι,
649 1757 704 1821 καὶ
726 1758 808 1839 μίαν
834 1745 940 1838 ἀρχὴν
962 1748 1205 1839 εἰσηγούμενοι,
1229 1743 1270 1821 ού
1292 1753 1521 1834 διακρίνοντες
1550 1745 1628 1820 ccidi

318 1855 530 1937 διαιροῦντες
551 1846 619 1921 άπὸ
642 1855 705 1921 τοῦ
728 1847 846 1937 φωτός
867 1846 909 1920 τό
934 1846 1056 1930 σκότος
1076 1857 1133 1918 καὶ
1149 1845 1189 1917 τὸ
1205 1844 1339 1936 άγαθόν
1353 1844 1422 1920 άπὸ
1445 1854 1507 1918 τοῦ
1521 1854 1628 1918 κακοῦ

318 1956 373 2021 καὶ
402 1948 534 2036 φαύλου
563 1955 619 2020 καὶ
646 1948 711 2021 τόν
738 1951 870 2035 ἔξωθεν
900 1947 1091 2036 ἄνθρωπον
1118 1944 1185 2019 άπὸ
1209 1954 1272 2018 τοῦ
1294 1951 1406 2031 ἔνδον,
1438 1944 1486 2030 αἷς
1516 1954 1627 2034 apocl-

318 2077 442 2139 πομεν,
479 2046 565 2121 ἀλλὰ
601 2056 787 2137 κιρνῶντες
821 2056 877 2119 καὶ
907 2052 1209 2137 ἐγκαταμιγνύντες
1239 2043 1389 2134 θάτερον
1419 2053 1556 2137 θατέρῳ
1588 2042 1628 2118 ού

268 2163 300 2215 15
318 2147 495 2234 παύονται.
539 2149 650 2233 οὐδέ,
682 2140 871 2232 άτέκνον,
899 2147 944 2237 μὴ
971 2148 1024 2217 ἶσα
1047 2166 1120 2229 τοῖς
1148 2156 1292 2229 πολλοῖς
1323 2153 1398 2217 τῶν
1427 2143 1665 2233 &veodam

244 2248 247 2259 ¹
318 2244 509 2337 άλογλστως
530 2257 585 2318 καὶ
608 2243 729 2331 άπλως
751 2243 934 2337 άμφότερα,
959 2243 1007 2329 cic
1029 2245 1071 2317 άν
1095 2244 1203 2334 τύχοι,
1227 2246 1365 2333 ἐνούσης,
1387 2253 1470 2336 μηδὲ
1491 2254 1542 2335 τῷ
1566 2251 1627 2335 τῆς

379 2457 410 2517 tc
441 2475 460 2516 a
487 2454 646 2535 praesenti
675 2452 800 2517 saeculo
829 2451 914 2518 malo
944 2455 975 2517 et
1004 2474 1022 2515 a
1051 2450 1150 2515 ruinis
1180 2451 1247 2515 eius
1276 2456 1308 2515 et
1334 2451 1458 2534 laqueis
1486 2450 1627 2534 maligni.

379 2552 490 2616 Amen.

399 2685 611 2750 Dilectionem
634 2687 762 2770 quidem
789 2689 876 2749 tuam
902 2685 1078 2749 inmensam
1101 2685 1251 2764 sentiens,
1278 2686 1479 2749 vehementer
1500 2684 1663 2768 gavisust’

266 2797 299 2852 20
317 2808 399 2863 sum;
433 2785 512 2850 fides
542 2807 616 2851 vero
657 2786 732 2870 quia
766 2807 830 2850 non
860 2785 903 2848 sit
931 2784 1021 2848 iuxta
1050 2788 1169 2849 rectam
1200 2785 1356 2850 rationem
1389 2784 1522 2851 moleste
1555 2785 1627 2861 tuli;

316 2888 445 2968 propter
471 2887 557 2967 quod
583 2887 623 2948 ad
650 2886 902 2950 emendationem
934 2885 1058 2966 generis
1086 2885 1217 2949 humani
1242 2886 1358 2950 missos
1385 2887 1416 2949 et
1437 2884 1627 2949 subveniens

316 2984 365 3049 his
396 2983 506 3066 quise
528 2984 765 3049 seductionibus
792 2988 887 3067 atque
914 2985 1074 3050 erroribus
1099 2986 1309 3064 tradiderunt,
1340 2985 1418 3048 haec
1443 2984 1562 3067 scripta
1588 2986 1626 3047 ad

316 3088 347 3147 te
377 3084 588 3148 necessarium
616 3085 691 3148 duxi
716 3084 943 3162 transmitter03
973 3085 1077 3167 primo
1109 3085 1237 3167 quidem
1267 3088 1307 3148 ad
1337 3084 1472 3149 salutem
1503 3084 1664 3148 ammaet

316 3188 397 3263 tuae,
420 3183 532 3247 deinde
554 3187 717 3249 eteorum
739 3183 795 3267 qui
816 3187 922 3247 tecum
944 3187 1026 3265 sunt,
1048 3185 1096 3247 uti
1117 3207 1156 3247 ne
1178 3184 1366 3248 indiscretos
1388 3183 1511 3248 animos
1526 3201 1626 3266 geras,

265 3298 298 3352 25
316 3284 398 3348 sicut
415 3282 646 3366 simpliciorum
667 3283 813 3367 magistri
835 3285 950 3348 docent
971 3284 1111 3348 dicentes
1132 3282 1253 3347 melum
1276 3288 1307 3348 et
1320 3284 1440 3349 bonum
1459 3285 1625 3350 abeodem

316 3387 443 3448 auctore
473 3384 656 3465 subsistere,
688 3389 719 3448 et
749 3405 848 3447 unum
877 3383 1005 3448 initium
1036 3384 1285 3461 introducentes,
1321 3404 1423 3466 neque
1454 3383 1626 3467 quicquam

315 3486 548 3565 perscrutantes
577 3483 628 3548 vel
661 3484 875 3549 discernentes
902 3507 921 3546 a
947 3482 1017 3547 luce
1044 3484 1189 3547 tenebras
1225 3486 1257 3546 et
1281 3483 1400 3547 bonum
1431 3505 1450 3545 a
1479 3482 1564 3548 malo
1595 3489 1627 3547 et

316 3581 503 3647 exteriorem
524 3583 685 3648 bominem
707 3585 746 3648 ab
768 3583 924 3664 interiori,
947 3583 1029 3647 sicut
1049 3583 1276 3665 praediximus3
1298 3583 1353 3646 sed
1375 3581 1567 3647 confundere
1589 3604 1626 3646 ac

315 3682 503 3765 permiscere
525 3681 660 3747 altemm
682 3683 775 3747 alteri
796 3706 861 3749 non
883 3686 1015 3748 cessant.
1058 3680 1107 3746 Tu
1129 3704 1216 3761 vero,
1238 3705 1257 3747 ο
1279 3681 1340 3762 fili,
1362 3704 1401 3746 ne
1422 3681 1569 3746 similiter
1590 3682 1663 3746 ut4

264 3793 298 3850 30
314 3779 408 3844 multi
433 3780 598 3846 hominum
631 3781 899 3847 inrationabiliter
929 3785 960 3845 et
990 3781 1177 3864 simpliciter
1202 3785 1335 3865 utreque
1361 3781 1529 3846 indiscrete
1555 3804 1624 3865 per-

400 3978 481 4034 scu
497 3980 554 4033 una
571 3980 673 4049 ηιμ.

402 4147 625 4218 Ιδιατηρήοειε]
643 4146 772 4214 Diodors,
790 4145 991 4218 διατηρήσειδ
1018 4148 1022 4213 Ι
1055 4147 1073 4201 b
1101 4146 1150 4215 μη]
1168 4163 1221 4199 νου
1242 4146 1395 4202 Oorrrcriao
1420 4146 1479 4200 rond
1495 4147 1626 4201 Ραοοδαο

313 4232 449 4301 eupompi
481 4232 484 4299 Ι
519 4233 554 4287 17
585 4233 613 4286 te
640 4232 666 4301 a]
689 4235 718 4286 te
744 4232 779 4288 de
796 4233 821 4285 A
848 4233 917 4286 cta
943 4230 967 4286 0
995 4232 1001 4299 Ι
1031 4230 1111 4284 ruina
1133 4230 1156 4285 0
1184 4234 1188 4298 Ι
1222 4231 1255 4286 dc
1281 4230 1388 4300 laqueis
1409 4230 1540 4300 malignis
1557 4233 1582 4284 A
1609 4249 1626 4285 a

314 4315 420 4384 laqueis
445 4315 562 4386 maligni
581 4315 604 4369 G
620 4315 702 4370 labiis
720 4314 850 4385 malignis
870 4315 906 4369 M
932 4322 937 4376 Ι
972 4316 1009 4372 18
1028 4332 1108 4370 amen
1129 4324 1162 4374 <
1188 4316 1229 4383 01
1251 4316 1292 4370 20
1309 4315 1390 4371 fidem
1409 4314 1441 4368 M
1464 4316 1469 4383 1
1500 4316 1580 4370 iuxta
1597 4318 1625 4370 tc

314 4401 390 4454 recto
406 4399 515 4455 ratione
537 4400 653 4455 Oiuxta
670 4402 747 4456 recta
763 4401 871 4456 ratione
889 4400 923 4454 Μ
943 4403 948 4470 Ι
982 4401 1019 4457 21
1039 4400 1111 4453 recob
1129 4400 1226 4454 missus
1245 4406 1277 4463 -γ-
1295 4416 1354 4452 sum
1372 4400 1397 4450 A
1420 4399 1443 4455 0
1471 4403 1475 4467 Ι
1509 4402 1537 4454 et
1553 4402 1625 4460 <A

314 4484 318 4552 λ
349 4484 388 4539 22
407 4483 512 4538 scribta
528 4485 578 4539 eric
595 4485 696 4539 immer
713 4487 738 4538 A
771 4486 776 4554 1
809 4486 849 4541 28
867 4485 985 4557 primum
1002 4485 1036 4539 Μ
1065 4486 1069 4552 Ι
1101 4484 1190 4538 solute
1208 4487 1233 4538 A
1260 4487 1264 4551 1
1298 4483 1337 4539 ‘24
1356 4482 1470 4554 animos]
1487 4486 1625 4555 λογισμὸν

315 4568 494 4637 Epiphanius
526 4571 531 4639 1
564 4570 602 4625 25
630 4570 732 4625 docent
750 4569 882 4639 dicentes]
901 4569 1076 4627 docentecO
1103 4572 1107 4636 Ι
1141 4571 1179 4624 26
1202 4571 1341 4623 auctorem
1360 4569 1384 4620 A
1417 4569 1421 4636 Ι
1449 4569 1622 4638 quiquamA

314 4653 318 4722 Ι
349 4654 436 4723 aclas
465 4670 608 4722 ακοντισαι
641 4642 822 4721 chrcctxarcp
853 4655 858 4720 1
894 4657 943 4710 καλ
970 4653 1080 4724 φαύλου
1100 4653 1146 4707 des
1164 4653 1342 4723 diaphonias
1363 4652 1438 4706 αιὀλιλ
1459 4654 1592 4708 ι’ἱδονοοτκλ
1621 4655 1624 4723 l

315 4739 354 4793 29
380 4756 396 4793 o
418 4736 460 4791 fili
477 4746 511 4796 <
529 4739 562 4792 Μ
591 4740 595 4807 Ι
629 4738 668 4795 dt)
686 4739 869 4793 indiscraetae
886 4740 912 4791 A
939 4738 1132 4794 indiscretaO
