3726 5568
307 485 347 548 88
870 477 1056 557 Hegemonius

308 652 356 712 est
376 646 519 713 Christus
542 644 604 725 dei,
631 644 685 729 qui
712 646 874 711 deseendit
899 669 994 731 super
1019 668 1091 712 enm
1118 646 1172 730 qui
1194 649 1233 711 de
1255 645 1355 710 Maris
1376 649 1432 710 est
1475 645 1567 722 Quod
1588 647 1652 712 sil

307 769 371 811 non
393 746 494 811 eredis
515 767 618 829 neque
639 744 710 810 voci
732 768 813 829 quse
840 746 970 811 caelitus
995 747 1080 811 fecte
1101 751 1161 825 est,
1182 745 1384 810 temerarium
1405 744 1526 829 aliquid
1547 747 1615 830 ipse

306 847 493 930 pronuntias
524 851 568 925 et,
599 845 778 925 sidixeris,
808 869 902 911 nemo
933 849 1045 911 credet
1088 845 1201 911 Statim
1230 846 1314 909 enim
1339 844 1372 907 in
1394 847 1553 910 desertum
1574 846 1615 910 ab

307 946 421 1030 spiritu
443 949 556 1010 ductus
578 950 626 1011 est
647 943 748 1025 lesus,
774 950 811 1010 ut
832 950 1038 1030 temptaretur
1060 968 1078 1009 a
1099 945 1239 1023 disbolo;
1262 967 1356 1029 quem
1378 966 1449 1008 eum
1472 946 1617 1011 diabolus

274 1047 479 1130 dignoreret
510 1044 635 1110 dicebat
663 1046 705 1112 ei:
737 1050 774 1111 Si
800 1051 888 1127 fidus
917 1071 948 1111 es
973 1052 1028 1111 dei.
1072 1044 1243 1130 Ignorabet
1272 1051 1377 1110 eutem
1406 1051 1536 1128 propter
1563 1047 1653 1129 quis

308 1148 469 1231 genuisset
490 1144 591 1209 filium
614 1147 673 1209 dei
714 1144 923 1211 Preedicsbst
943 1165 1042 1229 regns
1063 1144 1229 1222 caelorum,
1252 1146 1307 1228 qui
1322 1149 1389 1209 erat
1402 1144 1617 1210 habitaculum

307 1264 457 1329 msgnum
479 1265 537 1309 nec
559 1243 599 1308 ab
620 1245 686 1309 ullo
709 1245 772 1310 ulio
794 1247 913 1329 portori
932 1245 1101 1329 potuisset3
1123 1248 1206 1309 unde
1229 1250 1261 1309 et
1281 1245 1403 1308 adfixus
1425 1247 1523 1323 omui,
1545 1267 1616 1310 cum

308 1344 529 1410 resurrexisset
550 1345 589 1409 ab
612 1344 730 1423 inferis,
751 1348 937 1430 adsumptus
959 1350 1007 1409 est
1027 1343 1104 1409 illuc
1124 1345 1179 1409 nbi
1202 1344 1345 1409 Christus
1367 1343 1451 1409 filius
1474 1345 1524 1409 dei
1545 1363 1617 1428 reg·

308 1444 413 1523 nabet,
434 1448 471 1508 ut
492 1465 563 1509 enm
584 1445 738 1510 iudicium
757 1445 871 1509 hebere
891 1445 1037 1528 coeperit,
1058 1444 1092 1508 hi
1107 1444 1162 1528 qui
1176 1444 1401 1528 ignoraverunt
1415 1465 1487 1508 enm
1501 1449 1619 1508 videant

258 1562 291 1613 10
309 1567 397 1628 quem
425 1556 658 1626 conprimerent
700 1543 747 1611 Ut
778 1549 882 1609 sutem
913 1547 1033 1608 credas:
1064 1566 1134 1607 cum
1162 1543 1308 1626 discipuli
1334 1542 1401 1607 eius
1422 1565 1478 1627 per
1499 1562 1653 1615 unnume

308 1646 467 1727 integrum
489 1644 663 1709 manserint
684 1666 757 1710 curn
779 1666 824 1722 eo,
847 1667 942 1728 quere
964 1642 1069 1708 nullus
1084 1644 1223 1726 ipsorum
1244 1643 1381 1725 procidit
1394 1665 1489 1726 super
1502 1642 1616 1707 faeiem

309 1766 412 1823 snum,
437 1743 519 1808 sieut
543 1744 639 1827 paulo
665 1748 738 1807 ente
759 1744 886 1808 dicebas
912 1747 968 1809 sed
993 1743 1027 1807 in
1047 1765 1110 1807 uns
1131 1743 1208 1806 horu
1228 1743 1296 1819 ille,
1318 1745 1444 1826 quando
1466 1743 1548 1807 siout
1569 1742 1617 1807 sol

308 1843 503 1927 resplenduit
532 1843 638 1909 vultus
669 1843 756 1909 eius?
798 1843 913 1908 Nonne
942 1847 1071 1927 propter
1099 1842 1314 1906 babitaculum
1344 1841 1437 1921 illud,
1464 1845 1549 1927 quod
1580 1865 1616 1906 ex

308 1944 410 2008 Meris
431 1944 534 2008 irroret
555 1942 723 2009 effectum?
758 1941 848 2008 Sient
869 1942 953 2008 enim
974 1941 1125 2027 peracleti
1146 1944 1270 2025 pondus
1288 1940 1394 2006 nullus
1416 1941 1496 2007 elius
1518 1941 1652 2011 veluit?

259 2062 292 2115 15
310 2044 463 2109 sustinere
485 2042 547 2107 nisi
568 2042 629 2107 soli
650 2043 798 2126 discipuli
819 2048 851 2108 et
871 2042 990 2108 Paulus
1011 2045 1131 2122 beatus,
1156 2042 1202 2105 ita
1223 2042 1318 2105 etiem
1332 2041 1486 2125 spiritum,
1509 2044 1618 2126 quide

310 2142 405 2209 ecelis
427 2144 643 2228 descenderet,
664 2165 837 2227 perquem
858 2165 919 2207 vox
940 2148 1071 2226 paterne
1096 2145 1229 2207 testetur
1251 2142 1369 2207 dicens:
1392 2146 1449 2205 Hie
1469 2151 1511 2205 est
1531 2147 1619 2222 filios

308 2267 394 2308 mue
414 2248 542 2320 dilectus,
562 2240 669 2306 nullus
690 2240 771 2307 elius
791 2247 917 2325 portare
938 2241 1114 2325 praevoluit
1127 2242 1189 2306 nisi
1204 2242 1259 2325 qui
1280 2264 1317 2306 ex
1332 2241 1433 2305 Meris
1454 2246 1618 2319 natusest,

310 2364 404 2425 snper
425 2363 533 2406 omnes
555 2346 682 2405 sanctos
696 2338 791 2405 lesus.
814 2341 876 2406 Sed
892 2346 923 2405 et
937 2345 977 2405 ad
991 2341 1070 2406 hoec
1085 2363 1165 2425 ques
1180 2340 1294 2418 obicio,
1315 2343 1478 2422 responde.
1513 2339 1548 2404 Si
1562 2341 1618 2404 be·
1637 2349 1655 2405 8

309 2441 379 2504 bitn
401 2461 473 2503 eum
495 2445 527 2504 et
548 2440 651 2522 specie
674 2440 752 2504 dicis
774 2463 840 2505 esse
859 2442 1027 2520 hominem,
1050 2443 1208 2524 quomodo
1230 2441 1269 2503 eb
1292 2440 1350 2518 his,
1368 2440 1423 2524 qui
1445 2462 1483 2504 ex
1497 2441 1566 2504 viro
1587 2445 1618 2503 et

259 2556 293 2611 20
311 2538 442 2603 muliere
462 2541 530 2603 nati
551 2544 632 2617 sunt,
653 2538 831 2605 Pharisaeis
852 2542 953 2605 teneri
973 2541 1079 2624 potuit
1100 2542 1189 2604 etad
1208 2539 1522 2622 iudiciumpertrahi,
1545 2561 1617 2604 eum

311 2637 473 2720 spirituale
496 2660 608 2722 corpus
623 2662 642 2703 a
656 2640 861 2705 crassioribus
876 2640 1060 2724 corporibus
1078 2662 1141 2705 non
1156 2639 1260 2703 relect
1274 2639 1504 2722 conprehendi?
1526 2638 1619 2715 Quod

310 2739 337 2800 si
351 2737 448 2802 hebes
464 2737 585 2821 aliquid
595 2741 680 2822 quod
690 2741 729 2802 ed
739 2740 869 2805 verbum
884 2746 980 2823 etque
989 2741 1235 2823 adpropositum
1249 2741 1445 2822 respondeas,
1462 2738 1517 2823 qui
1531 2761 1619 2803 num·

310 2859 405 2921 quem
420 2839 459 2900 ad
468 2840 631 2921 preposite
641 2840 840 2923 respondisti,
854 2860 951 2923 perge
966 2861 1082 2923 quaeso
1096 2843 1128 2903 et
1140 2838 1298 2923 pugillum
1311 2837 1439 2922 plenum
1455 2839 1530 2904 solis
1538 2838 1617 2903 mihi

309 2935 398 3000 edfer
416 2940 471 3000 sut
489 2937 631 3001 modium
649 2938 787 3020 plenum,
822 2937 893 3022 lpse
910 2960 985 3004 vero
1004 2938 1053 3004 sol
1070 2960 1128 3022 pro
1144 2961 1181 3003 eo
1200 2941 1284 3022 quod
1299 2937 1472 3003 subtilioris
1487 2943 1536 3003 est
1550 2961 1618 3004 cor·
1636 2958 1654 3009 e

257 3057 291 3112 25
307 3037 403 3119 poris,
425 3037 586 3119 cooperire
606 3042 638 3101 te
659 3042 691 3102 et
711 3039 905 3103 circumdare
926 3043 1038 3121 potest,
1059 3042 1095 3102 tu
1109 3059 1183 3102 vero
1201 3059 1281 3114 eum,
1303 3039 1362 3102 etsi
1378 3038 1618 3114 conculcaveris,

308 3135 388 3201 nihil
402 3134 510 3200 laedis.
540 3135 697 3202 Dominus
714 3160 787 3203 vero
801 3160 890 3202 meus
904 3137 999 3217 Iesus,
1021 3139 1048 3202 si
1063 3142 1168 3203 tentus
1184 3143 1242 3214 est,
1264 3142 1300 3201 ut
1318 3137 1413 3203 homo
1429 3140 1468 3202 sb
1482 3138 1618 3202 bomini·

309 3234 367 3300 bus
382 3241 487 3301 tentus
509 3241 565 3303 est
596 3236 630 3301 Si
651 3259 716 3302 non
737 3244 785 3301 est
807 3239 909 3315 homo,
931 3260 990 3302 nee
1011 3243 1116 3302 tentus
1138 3242 1193 3300 est
1224 3236 1258 3301 Si
1276 3259 1340 3301 non
1360 3243 1408 3302 est
1421 3243 1537 3315 tentus,
1560 3260 1618 3302 neo

307 3358 418 3418 pessus
441 3340 488 3400 est
509 3358 568 3401 nee
587 3336 764 3421 baptizatus
786 3343 856 3413 est
885 3337 919 3403 Si
940 3337 994 3402 ille
1015 3359 1079 3401 non
1101 3340 1149 3399 est
1167 3336 1354 3420 baptizatus,
1376 3359 1435 3403 nec
1450 3338 1618 3421 quisquam
1637 3351 1676 3406 lo

308 3441 450 3500 nostrum
472 3436 650 3520 baptizatus
672 3441 726 3501 est
771 3436 935 3520 Baptisms
960 3442 1065 3502 eutem
1090 3436 1117 3499 si
1138 3458 1202 3499 non
1225 3440 1283 3513 est,
1309 3458 1366 3501 nec
1392 3438 1452 3501 erit
1474 3438 1617 3501 remissio

257 3553 291 3607 30
307 3540 519 3617 peecatorum,
542 3538 653 3601 sedin
674 3538 739 3601 suis
760 3539 898 3619 peccetis
919 3538 1135 3620 unusquisque
1157 3537 1317 3601 morietur.
1359 3537 1477 3601 Murrus
1505 3555 1616 3600 omn:

308 3632 395 3717 Ergo
426 3636 584 3718 baptisma
613 3640 742 3718 propter
771 3637 987 3702 remissionem
1016 3640 1218 3719 peccetomm
1249 3639 1361 3701 detur?
1411 3637 1617 3700 Ancflnnsrs

307 3754 416 3798 nmr:
438 3733 553 3800 Etiam
595 3734 713 3799 Murrus
734 3755 844 3802 omn:
866 3735 953 3820 Ergo
982 3735 1126 3819 peccavit
1147 3732 1302 3808 Christus,
1334 3736 1409 3818 quie
1438 3736 1617 3818 baptizatus
1637 3744 1673 3799 ll

308 3838 375 3899 est?
418 3834 622 3898 Ancnnnnns
645 3854 755 3902 nrm:
782 3837 891 3917 Absit3
921 3836 997 3919 quin
1022 3837 1128 3919 potius
1148 3858 1207 3916 pro
1235 3840 1321 3899 notis
1341 3846 1494 3916 peccorum
1518 3840 1618 3915 sectis

359 3983 529 4123 gpsslistktth'
547 3987 572 4051 4,
591 3987 665 4039 1-3.
694 3984 797 4053 Luln4,
808 3986 874 4040 1-3
891 4015 924 4023 —
943 3987 962 4039 s
981 3985 1042 4040 Joh.
1053 3986 1135 4052 19‚37
1153 4014 1187 4023 -
1207 3986 1245 4041 lo
1257 3984 1391 4052 Metine,
1402 3986 1442 4038 17.
1472 3984 1539 4038 Luk.
1549 3987 1574 4051 3,
1583 3985 1618 4039 22

308 4098 341 4106 —
487 4086 524 4121 or.
542 4071 566 4135 5,
585 4070 616 4125 21

395 4202 452 4258 OM

394 4341 409 4394 1
434 4339 488 4408 dei]
516 4339 533 4393 d
560 4357 612 4394 acas
633 4341 708 4397 Gerr.
730 4341 768 4396 0¹
799 4343 804 4409 Ι
838 4341 856 4397 5
882 4340 1003 4410 dicebat]
1031 4340 1049 4395 d
1077 4358 1129 4395 aus
1150 4341 1227 4396 corr.
1248 4341 1285 4396 0¹
1317 4342 1322 4407 Ι
1354 4343 1465 4410 propter
1490 4339 1546 4409 qui]
1573 4340 1618 4393 dr'e

309 4423 386 4479 Stelle
402 4425 440 4478 ist
456 4424 614 4490 eerdordem
632 4428 744 4497 propter
761 4427 828 4496 quid
844 4426 970 4493 Zoeoom
994 4428 998 4494 Ι
1025 4428 1043 4479 6
1062 4426 1119 4496 qni]
1137 4427 1268 4481 emolit
1285 4426 1345 4478 eine
1362 4423 1516 4492 unre'elrtr'pe
1534 4412 1633 4477 Ure·-

306 4515 419 4578 setsunp
468 4511 473 4578 Ι
506 4511 589 4581 Seb]
606 4510 625 4565 b
643 4527 668 4564 a.
686 4510 754 4567 Rae.
776 4512 824 4579 ΟΙ
853 4511 986 4565 chaber-i
1002 4510 1037 4563 M
1064 4514 1068 4579 Ι
1101 4509 1141 4564 hii
1157 4510 1192 4563 M
1212 4516 1216 4577 Ι
1241 4512 1280 4566 10
1297 4525 1379 4578 quem
1397 4512 1619 4579 compunxerunt

306 4595 422 4650 uideant
439 4595 474 4649 M
495 4613 563 4650 corr.
583 4596 631 4649 Μ2
662 4597 666 4663 l
700 4597 736 4652 11
764 4596 969 4651 manseruntO
999 4597 1003 4663 Ι
1037 4595 1076 4651 28
1103 4594 1179 4664 solis]
1208 4594 1303 4651 solidis
1329 4610 1367 4646 sse
1394 4593 1446 4647 soli
1472 4610 1540 4648 corr.
1562 4595 1587 4649 0
1614 4656 1616 4659 ¹

308 4681 347 4736 28
364 4680 521 4749 baptizatus
538 4697 627 4750 neque
648 4680 671 4736 G
