3726 5568
328 511 369 572 60
894 504 1080 574 Hegemonius

329 675 482 759 plurimos
515 678 673 741 deterrens
705 676 904 759 arrogantiae
925 679 1012 741 metu
1042 697 1105 759 quo
1128 679 1176 741 est
1202 676 1271 758 ipse
1296 677 1528 743 circumdatus?
1556 677 1642 742 Aliis

330 776 461 840 adhibet
481 777 582 841 minas
604 776 710 842 vultus
732 775 781 841 sui
805 774 1017 855 conversione,
1040 777 1286 841 circumdatione
1306 776 1461 853 ludificat;
1483 782 1538 843 sed
1557 779 1642 843 ultra

333 899 397 942 non
431 875 584 958 proficiet,
605 882 781 958 insipientia
801 882 883 941 cuba
904 880 969 940 eius
989 880 1130 940 omnibus
1145 880 1318 957 pereleum
1340 883 1401 954 erit,
1423 878 1506 942 sicut
1527 877 1640 944 lennes

333 981 364 1042 et
385 976 553 1042 Mambres.

299 1079 315 1133 5
416 1076 494 1141 XLI.
516 1077 650 1142 Iunrcns
670 1095 857 1141 emensus:
880 1074 970 1141 Siout
985 1098 1023 1141 ex
1036 1081 1067 1141 te
1086 1077 1304 1161 comperimus,
1320 1081 1481 1161 tamquam
1497 1079 1643 1161 apostolo

333 1176 433 1243 Paulo
456 1177 587 1258 dicente,
608 1176 737 1260 insuper
758 1175 852 1240 etiam
874 1175 914 1240 ab
930 1175 1095 1258 euangelio
1110 1176 1350 1260 praescribente,
1371 1176 1452 1241 nulli
1467 1177 1561 1243 alicui
1577 1178 1603 1262 <'
1628 1179 1643 1260 )

333 1280 495 1360 posterum
525 1275 694 1360 praebetur
723 1275 884 1360 ingressus
914 1278 954 1340 ad
983 1276 1228 1358 praedicandum
1253 1276 1304 1339 vel
1330 1279 1507 1342 docendum
1533 1277 1584 1342 vel
1604 1280 1644 1341 ad

334 1377 617 1459 euangeliuandum
630 1375 681 1439 vel
695 1376 956 1459 prophetandum,
977 1375 1009 1438 in
1025 1377 1084 1440 hae
1099 1375 1164 1440 vite
1179 1379 1349 1452 dumtaxat,
1371 1377 1433 1441 nisi
1447 1377 1529 1441 forte
1544 1377 1645 1442 falsus

334 1479 489 1561 propheta
518 1476 671 1540 habeatur
700 1480 757 1539 aut
785 1474 883 1540 falsus
914 1475 1066 1542 Christus.
1108 1474 1201 1540 Unde
1232 1499 1304 1541 oum
1334 1476 1450 1541 dixeris
1480 1476 1513 1540 in
1543 1475 1681 1548 Paulos

284 1588 317 1642 10
335 1579 433 1642 fuisse
453 1576 648 1661 paracletum
671 1579 703 1639 et
722 1577 826 1658 ipsum
854 1577 960 1640 omnia
986 1577 1202 1659 consignasse,
1233 1596 1331 1660 quare
1361 1576 1454 1642 dixit:
1485 1582 1536 1642 Fa
1558 1588 1646 1659 para

335 1683 449 1742 aomos
470 1688 497 1741 et
517 1700 551 1741 cc
566 1687 652 1757 porte
667 1680 898 1757 prophetamus;
918 1698 988 1739 cum
1009 1686 1110 1740 autem
1129 1681 1241 1740 oenmdt
1261 1681 1340 1757 quod
1356 1682 1520 1758 perfeetum
1541 1689 1592 1755 eet,
1613 1684 1647 1742 id

336 1782 415 1859 qood
435 1800 470 1842 er
487 1786 572 1858 porte
593 1787 637 1840 est
655 1780 842 1839 dsabaetor?
864 1772 963 1850 Quem
985 1775 1082 1839 alium
1104 1779 1273 1859 expectans
1293 1777 1355 1841 hoc
1376 1777 1474 1841 dixit?
1505 1776 1595 1852 Quod
1619 1779 1646 1841 si
1664 1790 1683 1843 0

336 1881 404 1963 ipse
431 1877 599 1943 confitetur
628 1879 791 1959 expectare
818 1897 851 1938 se
878 1874 1015 1958 aliquem
1046 1875 1222 1959 perfectum
1253 1880 1285 1939 et
1314 1876 1341 1940 si
1371 1878 1476 1941 venire
1507 1876 1646 1960 aliquem

336 2001 463 2044 neeesse
486 1982 540 2057 est
564 1979 694 2043 ostende
716 1975 809 2041 nobis
831 1977 869 2039 de
891 1996 955 2058 quo
978 1976 1075 2055 dicat,
1096 1996 1135 2039 ne
1157 1977 1239 2040 forte
1260 1976 1294 2039 in
1315 1976 1399 2040 huno
1420 1976 1565 2042 videatur
1585 1978 1646 2042 iste

287 2089 319 2141 15
338 2101 440 2146 sermo
466 2099 625 2144 recurrere
655 2080 711 2141 aut
735 2076 768 2139 in
791 2098 862 2140 eum
884 2074 937 2159 qui
961 2075 1051 2139 misit
1070 2074 1173 2139 illum:
1204 2073 1356 2154 Satanan,
1387 2076 1470 2140 sicut
1499 2082 1533 2142 tu
1561 2077 1647 2142 diois.

339 2179 373 2243 Si
395 2180 478 2243 enim
502 2177 662 2243 confiteris
684 2180 850 2239 venturum
873 2197 940 2239 esse
963 2176 1047 2258 quod
1070 2174 1243 2257 perfeetum
1271 2179 1329 2255 est,
1360 2197 1424 2240 non
1453 2180 1648 2258 potestesse

339 2277 484 2355 Satanas3
525 2279 552 2342 si
587 2280 693 2340 autem
732 2273 880 2339 Satanam
921 2278 1080 2357 expectas,
1121 2298 1183 2340 non
1219 2278 1325 2358 potest
1360 2297 1428 2339 esse
1462 2275 1647 2359 perfectum.

340 2377 523 2459 (XXXVII.)
559 2376 763 2439 Ascnnnnus
784 2393 893 2438 nrm:
930 2372 1085 2449 Quoniam
1107 2396 1170 2438 non
1192 2374 1259 2438 sine
1281 2377 1339 2438 deo
1366 2374 1545 2439 dictasunt
1566 2385 1684 2460 quaet

340 2502 358 2542 a
380 2479 472 2543 beato
492 2476 593 2540 Paulo
614 2474 738 2558 prolate
758 2463 844 2553 sunt,
872 2476 992 2537 eertum
1015 2476 1169 2557 estquod
1192 2473 1354 2540 dominum
1375 2480 1520 2540 nostrum
1543 2473 1648 2540 lesum

288 2583 322 2638 20
341 2578 502 2643 Christum
525 2576 638 2640 dixerit
660 2575 887 2657 expectandum
910 2594 977 2637 esse
998 2572 1186 2656 perfectum,
1217 2575 1272 2656 qui
1298 2573 1385 2639 solus
1405 2578 1528 2657 patrem
1550 2576 1648 2655 novit,

341 2684 373 2743 et
394 2679 445 2745 eui
467 2675 601 2741 voluerit
620 2673 768 2754 revelare,
790 2673 872 2737 siout
892 2694 1022 2756 possum
1045 2693 1082 2736 ex
1097 2671 1201 2736 verbis
1215 2673 1316 2757 ipsius
1332 2675 1553 2740 demonstrare.
1585 2674 1648 2740 Sed
1666 2681 1685 2737 6

341 2779 424 2864 quia,
446 2799 517 2843 cum
539 2775 660 2841 venerit
680 2775 766 2858 quod
787 2772 962 2856 perfectum
983 2774 1038 2851 est,
1062 2775 1240 2837 destruetur
1260 2773 1293 2837 id
1315 2777 1400 2858 quod
1422 2795 1460 2838 ex
1481 2778 1570 2857 parte
1594 2780 1650 2853 est,

341 2881 401 2944 iste
423 2900 497 2943 vero
519 2898 586 2941 sese
606 2877 769 2940 adseverat
789 2894 857 2937 esse
878 2872 1065 2955 perfectum,
1097 2873 1173 2955 quid
1201 2874 1355 2938 destruxit
1375 2876 1532 2949 ostendat3
1564 2878 1650 2959 quod

342 2980 426 3045 enim
448 2980 638 3054 destruetur,
669 2972 849 3058 ignorantia
879 2976 927 3036 est
956 2971 1090 3055 quaein
1113 2973 1205 3037 nobis
1227 2977 1282 3038 est
1324 2972 1419 3038 Dicet
1448 2972 1547 3059 igitur
1573 2973 1650 3057 quid

291 3085 324 3140 25
342 3078 509 3156 destruxit,
535 3075 612 3160 quid
633 3075 666 3138 in
688 3073 833 3138 notitiam
854 3070 992 3155 pertulit.
1034 3070 1068 3135 si
1095 3072 1172 3156 quid
1197 3072 1299 3136 facere
1328 3076 1445 3155 potest,
1475 3073 1584 3152 faciat,
1614 3078 1651 3138 nt

342 3179 427 3243 credi
449 3176 477 3242 ei
499 3176 608 3260 possit.
651 3172 760 3238 Sermo
784 3195 858 3237 vero
880 3172 940 3237 iste
963 3176 1112 3254 quantam
1134 3170 1249 3235 habeat
1269 3172 1431 3251 virtutem,
1462 3172 1489 3237 si
1510 3174 1687 3257 potueritt

342 3278 511 3362 diligenter
540 3273 695 3357 intellegi,
726 3273 772 3337 ita
801 3272 926 3337 demum
953 3272 1038 3336 credi
1067 3272 1187 3355 poterit
1212 3271 1262 3336 his
1293 3292 1374 3354 quae
1404 3295 1423 3334 a
1452 3294 1503 3337 me
1532 3274 1651 3337 fuerint

342 3377 475 3442 adserta.
518 3374 621 3459 Igitur
645 3375 679 3438 in
704 3373 805 3457 prima
827 3375 866 3435 ad
888 3371 1069 3437 Corinthios
1099 3370 1234 3455 epistula
1265 3371 1343 3435 haec
1372 3370 1450 3435 dicit
1471 3370 1589 3436 Paulus
1612 3374 1651 3436 de

342 3480 483 3562 perfeeto
506 3477 562 3560 qui
576 3479 726 3539 venturus
748 3477 808 3537 est:
832 3476 900 3537 Sica
908 3477 1089 3553 proplwtioe,
1111 3476 1305 3549 destruentur,
1327 3475 1388 3534 eive
1406 3475 1534 3552 linceius,
1556 3480 1685 3535 cessa-t

292 3586 326 3640 30
343 3584 428 3655 bont,
457 3583 518 3641 eice
547 3579 682 3653 adeum,
704 3577 883 3649 00000000,
914 3595 949 3635 es
976 3581 1059 3652 porte
1084 3576 1165 3634 euim
1192 3574 1305 3634 somus
1326 3582 1353 3634 ct
1373 3594 1407 3635 ec
1426 3581 1508 3652 porte
1523 3577 1651 3652 propilio·

302 3708 304 3711 ·
345 3688 450 3741 amos.
505 3680 582 3740 Oum
615 3683 713 3736 autem
741 3677 851 3735 escort
881 3675 961 3753 quod
985 3675 1148 3751 perfeetum
1178 3679 1231 3747 est,
1266 3674 1299 3733 id
1327 3675 1409 3751 quod
1436 3694 1472 3735 ec
1495 3680 1582 3751 porte
1611 3680 1654 3733 eat

430 3843 448 3895 0
466 3839 492 3891 ll
510 3837 580 3891 'lim
598 3839 622 3903 3,
639 3838 665 3893 8.
683 3838 699 3891 0
718 3865 750 3875 -
769 3837 808 3890 10
826 3837 838 3888 Ι
857 3836 920 3890 Kor.
940 3838 979 3902 13,
998 3837 1022 3891 9.
1042 3837 1124 3891 10-
1143 3835 1183 3890 00
1201 3834 1408 3898 Metaurum.
1434 3834 1503 3887 Lux.
1521 3836 1562 3898 10,
1575 3835 1608 3888 22
1620 3863 1653 3872 -

345 3927 383 3981 20
402 3926 414 3978 Ι
433 3926 497 3980 Kor.
517 3925 558 3990 13,
574 3923 660 3977 8-10

432 4076 488 4132 ΟΜ

430 4196 446 4250 1
468 4193 531 4262 quo]
550 4191 681 4259 Zacoqoe',
699 4190 773 4260 quod
795 4189 850 4244 OM
877 4191 881 4258 Ι
915 4188 1091 4246 redhibet.
1111 4188 1332 4258 ,ludifieatJde'e
1351 4188 1429 4242 Stella
1446 4187 1484 4241 ist
1500 4187 1630 4242 emate
1650 4188 1654 4257 Ι

346 4282 364 4335 s
392 4279 567 4349 insipientiae
588 4278 612 4333 0
641 4278 646 4344 Ι
677 4275 749 4329 nach
775 4277 846 4329 sicut
863 4281 895 4339 -Ι-
913 4275 967 4330 suit
989 4274 1023 4328 M
1052 4274 1056 4341 Ι
1089 4274 1231 4329 liamnes
1253 4273 1308 4328 OM
1335 4274 1339 4340 Ι
1373 4274 1419 4340 sl?
1440 4272 1524 4327 alicui
1546 4273 1576 4326 in
1592 4290 1653 4343 pos·

344 4364 443 4433 terum]
463 4382 480 4417 a
497 4362 545 4432 qni
563 4364 702 4433 posterum
729 4362 756 4429 (p
781 4360 869 4428 abab
890 4376 943 4414 aus
960 4359 991 4423 b;
1018 4360 1099 4427 sorr.)
1121 4359 1154 4424 0,
1176 4357 1260 4412 alicui
1277 4359 1416 4428 posterum
1434 4357 1473 4421 Μ,
1500 4357 1550 4412 alii
1567 4374 1656 4427 aeque

344 4450 374 4503 in
392 4451 531 4519 posterum
549 4445 674 4514 Ζαεαφιὶ
705 4447 709 4516 Ι
744 4445 780 4502 11
805 4446 897 4499 autem
915 4446 1021 4500 venerit
1036 4464 1072 4493 ω
1091 4444 1125 4497 Μ
1152 4447 1157 4510 1
1190 4443 1229 4497 10
1252 4444 1420 4513 spectaret*
1449 4444 1454 4510 Ι
1486 4441 1609 4511 aliquem
1626 4458 1655 4496 se

345 4532 428 4587 Μω
446 4532 494 4587 Μ2
520 4533 524 4601 Ι
553 4534 591 4588 lb
609 4534 735 4587 satanam
755 4531 779 4585 0
800 4532 803 4597 Ι
827 4529 867 4597 tu]
886 4531 900 4583 t
916 4528 1047 4583 ridleiolet
1064 4528 1235 4594 0110001
1267 4526 1339 4580 aare
1356 4526 1425 4581 dicis
1442 4527 1502 4581 eine
1517 4526 1585 4581 Ros.
1603 4543 1656 4581 von

345 4625 411 4673 elwa
422 4618 557 4687 [doftaha
565 4617 683 4681 Rachel,
693 4614 917 4668 wahrscheirdiob
928 4613 965 4667 ist
979 4613 1121 4667 archelaus
1133 4612 1205 4667 dixit
1215 4611 1408 4667 maraderto
1428 4612 1432 4679 Ι
1457 4611 1496 4667 24
1506 4609 1657 4666 destruitur

346 4701 380 4756 Μ
408 4705 413 4769 Ι
446 4701 521 4772 quid]
541 4703 589 4771 qni
611 4703 659 4770 Ol
692 4701 729 4756 27
750 4698 908 4769 diligenter]
928 4696 968 4751 dil
986 4715 1011 4750 a.
1030 4697 1096 4750 Ros.
1115 4697 1149 4750 Μ
1169 4700 1174 4765 Ι
1198 4697 1237 4752 20
1256 4696 1313 4750 sive
1331 4695 1413 4763 (norb
1431 4696 1493 4765 est)]
1513 4695 1536 4749 si
1553 4695 1658 4751 ueroO
