3726 5568
682 547 753 600 Acta
770 544 899 601 Archelai
916 546 986 600 LIII.
1004 546 1074 601 LIV.
1494 559 1533 619 79

224 714 285 780 Sed
307 714 456 799 quoniam
478 715 675 799 ignorantiae
695 714 833 780 tenebris
853 716 1040 780 obcaecatus
1055 720 1110 794 est,
1131 716 1164 780 in
1178 740 1294 781 vanum
1309 720 1447 783 cucurrit
1461 740 1533 783 curn

223 816 283 879 iter
304 814 423 879 faceret
441 817 482 879 ad
497 813 691 893 Marcellum,
715 818 747 879 et
761 812 874 879 similis
894 814 999 879 facere
1017 813 1180 899 astrologo
1202 816 1391 882 describenti
1405 820 1532 901 quidem

224 914 385 994 caelestia,
410 914 570 999 ignoranti
591 936 665 980 vero
688 935 768 997 quae
790 914 877 977 dorni
899 935 974 979 suae
1002 918 1161 998 geruntur.
1204 914 1266 981 Sed
1287 939 1326 981 ne
1347 918 1455 982 videar
1475 928 1569 1002 pere

224 1014 301 1079 baec
322 1015 419 1079 verba
440 1013 566 1079 differre
589 1015 796 1098 quaestiones,
818 1014 882 1077 iam
904 1013 1028 1095 sileam,
1051 1016 1089 1078 de
1111 1014 1151 1079 iia
1166 1037 1240 1080 vero
1256 1018 1337 1081 dabo
1351 1016 1413 1100 ipsi
1427 1022 1533 1100 potes·

192 1123 208 1174 5
223 1118 335 1179 tatem:
358 1117 463 1180 sumat
485 1116 706 1197 quodcumque
721 1112 790 1177 vult
809 1114 1036 1196 propositionis
1052 1117 1083 1177 et
1096 1115 1290 1197 quaestionis
1304 1115 1438 1181 initium.
1467 1114 1533 1180 Vos

223 1216 456 1289 tantummodo,
478 1213 560 1278 sicut
581 1213 725 1296 superius
747 1213 825 1291 dixi,
847 1211 1085 1278 indeclinabiles
1107 1213 1228 1279 iudices
1250 1238 1318 1280 esse
1340 1238 1471 1300 quaese,
1498 1221 1534 1279 nt

224 1335 298 1377 vera
318 1313 435 1376 dicenti
457 1313 610 1378 bonorem
631 1335 740 1377 verum
761 1310 963 1397 palmamque
984 1313 1125 1378 tradatis.

304 1410 377 1477 LIV
400 1410 552 1495 (XLVII).
594 1410 684 1476 Tunc
705 1411 824 1490 Manes,
846 1411 972 1477 silentio
994 1413 1034 1477 ab
1054 1415 1200 1478 omnibus
1222 1415 1315 1492 facto,
1337 1415 1383 1478 ita
1404 1436 1533 1479 exorsus

225 1517 286 1578 est:
313 1511 364 1577 Tu
385 1533 525 1595 quoque,
546 1511 709 1590 Archelao,
729 1512 808 1576 bene
830 1534 881 1576 me
903 1513 942 1577 de
964 1514 1022 1576 deo
1044 1514 1231 1577 sentientem
1253 1514 1445 1598 dignamque
1466 1515 1533 1596 opi·

174 1622 207 1674 10
225 1615 351 1678 aionem
378 1616 417 1677 de
440 1610 565 1676 Christo
592 1611 779 1676 retinentem
801 1611 904 1675 verbis
930 1610 1164 1677 molestissimis
1190 1613 1353 1692 obtundis,
1374 1613 1450 1678 licet
1470 1613 1533 1677 tale

224 1714 266 1778 sit
287 1711 503 1795 apostolorum
526 1729 640 1795 genus,
669 1712 794 1794 patiens
817 1715 848 1775 et
869 1711 973 1775 ferens
995 1712 1114 1789 omnia,
1145 1712 1240 1777 etiam
1266 1712 1294 1777 si
1316 1712 1360 1777 eis
1382 1712 1533 1777 conviciis

225 1814 296 1896 quis
318 1816 373 1877 aut
392 1810 569 1875 maledictis
592 1812 755 1876 obtrectet.
798 1809 832 1875 Si
853 1812 1001 1893 persequi
1022 1810 1172 1885 volueris,
1199 1815 1325 1889 paratus
1346 1833 1430 1889 sum,
1452 1816 1484 1877 et
1505 1813 1532 1876 si
1551 1820 1569 1874 t

223 1912 339 1977 inferre
361 1909 524 1994 supplicia,
545 1932 607 1974 non
630 1910 796 1994 refugiam.
838 1908 873 1974 Si
895 1910 991 1973 etiam
1015 1911 1191 1976 interficere
1213 1932 1263 1975 me
1278 1911 1335 1987 vis,
1356 1933 1421 1975 non
1434 1910 1533 1975 refor-

223 2010 324 2090 mido,
346 2009 438 2074 illum
460 2008 544 2073 enim
565 2008 669 2073 solum
691 2013 817 2093 oportet
839 2015 938 2073 timeri
951 2015 1005 2091 qui
1021 2020 1115 2091 polest
1135 2013 1272 2074 animam
1292 2019 1319 2073 et
1339 2031 1447 2089 corpas
1463 2033 1532 2090 per·

173 2115 344 2173 reuersis
362 2110 536 2189 potamum.
578 2110 783 2173 Apenninus
804 2127 913 2173 nrxrr:
935 2110 1032 2174 Absit
1058 2133 1076 2173 a
1101 2131 1159 2173 mc.
1203 2106 1278 2173 Non
1300 2113 1347 2173 est
1367 2107 1448 2172 mibi
1464 2108 1570 2175 talea

224 2209 430 2293 propositum
469 2206 552 2284 Quid
570 2209 653 2272 enim
674 2230 841 2291 perpessus
864 2230 897 2273 es
917 2230 1000 2272 eme
1015 2208 1066 2273 vel
1080 2231 1099 2272 a
1113 2209 1249 2274 nostris?
1272 2212 1304 2273 et
1319 2209 1446 2292 quidem
1461 2230 1532 2273 oum

225 2310 417 2373 obtrectares
439 2311 534 2391 atque
553 2307 700 2372 iniuriam
722 2308 883 2393 irrogares
905 2312 1029 2372 etcum
1052 2310 1230 2373 detraheres
1252 2310 1291 2372 de
1306 2306 1446 2390 paternis
1460 2329 1533 2372 nos·

224 2409 281 2474 tris
311 2406 534 2472 traditionibus
565 2411 597 2469 et
627 2429 698 2472 oum
731 2405 829 2473 velles
856 2409 976 2473 animas
1006 2409 1170 2473 bominum
1199 2409 1280 2473 bene
1309 2406 1469 2472 institutas
1496 2429 1533 2472 ao

225 2507 372 2591 diligenti
393 2505 517 2571 cautela
538 2510 677 2571 servatas
703 2507 892 2585 interficere,
917 2507 1032 2591 quibus
1059 2509 1169 2592 utique
1195 2507 1354 2590 repensari
1375 2528 1440 2571 non
1460 2529 1533 2590 pos·

173 2618 207 2671 20
225 2610 299 2671 sunt
319 2607 483 2671 universae
504 2608 614 2670 mundi
636 2606 773 2671 divitiae.
809 2606 928 2671 Verum
949 2611 1055 2671 temen
1077 2610 1206 2690 propter
1228 2609 1313 2690 quod
1338 2608 1490 2683 adsumis,
1513 2629 1532 2669 c
1551 2619 1570 2674 4

224 2706 429 2771 Manichaeei
472 2706 555 2782 Quid
583 2708 738 2790 estquod
764 2706 906 2771 indicas?
952 2705 1038 2782 Quae
1060 2705 1172 2771 salutis
1202 2706 1294 2789 signa
1325 2709 1365 2769 ad
1393 2728 1451 2770 nos
1480 2708 1532 2769 de-

224 2806 307 2871 feres
329 2806 434 2870 dicito.
470 2805 649 2871 Verborum
672 2806 756 2870 enim
777 2808 862 2869 nuda
883 2808 1013 2870 iactatio
1034 2828 1098 2869 non
1116 2805 1234 2888 poterit
1247 2806 1405 2888 praesenti
1426 2804 1533 2870 multi·

224 2905 328 2969 tudini
354 2905 548 2983 satisfacere,
579 2910 615 2969 ut
644 2909 818 2988 agnoscant
840 2906 894 2989 qui
922 2909 1065 2971 nostrum
1086 2905 1203 2969 rectius
1225 2903 1348 2969 obtinet
1369 2904 1533 2969 scientiam

225 3005 375 3069 veritatis.
417 3004 466 3068 De
489 3027 552 3089 quo
573 3023 649 3087 ergo
672 3006 720 3069 vis
742 3027 800 3069 nos
822 3007 925 3089 capite
947 3007 1121 3089 disputare,
1142 3005 1204 3068 hoe
1224 3004 1312 3086 prius
1334 3004 1439 3082 dicito,
1462 3026 1534 3068 eum

172 3115 207 3170 25
224 3105 312 3187 prius
344 3105 470 3169 dicendi
500 3104 657 3186 acceperis
688 3103 880 3171 facultatem.
922 3106 1040 3170 Manes
1061 3123 1170 3168 orxrr:
1202 3102 1236 3167 Si
1262 3124 1324 3167 non
1347 3105 1462 3167 iterum
1483 3104 1570 3168 bist

226 3226 306 3287 quae
327 3227 346 3267 a
366 3205 459 3268 nobis
490 3208 574 3268 recte
605 3204 752 3269 dicuntur
781 3204 952 3269 infideliter
973 3205 1107 3279 resistis,
1138 3203 1252 3279 dicem;
1284 3203 1311 3266 si
1333 3206 1438 3267 autem
1459 3202 1533 3266 telis

225 3303 334 3368 existis
357 3302 483 3386 qualem
504 3308 537 3367 te
558 3305 645 3387 prius
672 3304 768 3381 sensi,
795 3305 898 3369 dicam
928 3307 1076 3368 adversus
1098 3302 1282 3377 Diodorum,
1304 3300 1465 3365 declinans
1486 3302 1533 3365 in·

226 3403 441 3486 quietudinem
460 3406 556 3467 tuam.
592 3403 796 3468 munus
817 3423 929 3468 nrxrr:
951 3403 1099 3468 Praedixi
1113 3403 1177 3466 iam
1193 3404 1277 3484 quod
1293 3401 1454 3465 abutimur
1466 3402 1532 3464 ina·
1551 3415 1570 3466 t

224 3502 324 3566 nitate
346 3503 522 3567 verborum.
559 3501 593 3566 si
611 3503 682 3585 quis
706 3509 884 3568 nostrorum
908 3504 1052 3568 resistere
1074 3500 1245 3566 infideliter
1265 3501 1431 3579 invenitur,
1452 3501 1533 3565 iudi·

173 3611 208 3664 30
225 3603 314 3667 cibus
336 3604 414 3666 haec
434 3602 583 3685 permitte
604 3601 793 3680 discernere3
824 3608 859 3668 tu
890 3608 995 3668 eutem
1018 3602 1094 3687 quid
1118 3604 1244 3665 adseres
1266 3601 1371 3666 dicito.
1414 3600 1533 3664 Manes

224 3720 336 3765 amr:
360 3700 394 3765 Si
415 3724 480 3766 non
501 3703 616 3766 iterum
638 3702 759 3766 resistis
780 3703 830 3767 his
853 3725 933 3785 quae
955 3724 1038 3766 ame
1052 3702 1166 3766 iterum
1181 3706 1265 3766 recte
1280 3701 1435 3779 dicuutur,
1455 3701 1533 3765 inci-

224 3802 319 3884 piam
371 3802 570 3866 necmias
599 3819 708 3865 urxrr:
740 3800 864 3866 Sinon
894 3802 955 3865 hoo
988 3806 1048 3874 est,
1079 3802 1106 3866 si
1137 3824 1200 3865 non
1231 3800 1323 3877 illud,
1353 3822 1455 3865 sermo
1486 3805 1568 3869 est?

310 3988 349 4046 14
366 3990 466 4044 Matth.
486 3991 525 4053 10,
543 3989 577 4043 28

314 4156 369 4211 OM

311 4307 509 4363 lobceoatum
531 4308 577 4375 ΟΙ
602 4307 740 4377 fifaoere]
759 4307 849 4362 factus
866 4310 909 4361 est
926 4308 1061 4375 Zocoqni;
1081 4305 1212 4360 mellaiott
1230 4305 1292 4373 lacqt
1308 4303 1471 4359 saletam
1488 4304 1534 4358 des

232 4380 400 4448 Μὸενεείπενε
426 4409 474 4446 cor
505 4393 509 4460 Ι
542 4394 560 4447 8
587 4392 727 4448 domuiO
758 4394 762 4461 Ι
803 4391 822 4448 4
848 4393 1023 4460 quaestiones
1050 4391 1117 4461 iam]
1143 4391 1304 4461 quaestione
1321 4390 1378 4445 iarn
1400 4390 1533 4458 Oquaes·

225 4478 314 4533 tiones
332 4477 366 4530 M
403 4478 407 4544 Ι
444 4476 489 4546 iis]
516 4478 560 4532 his
577 4477 612 4530 M
639 4479 643 4544 Ι
677 4477 695 4533 5
721 4480 750 4532 et
774 4477 996 4546 quaestionis<
1014 4476 1048 4529 M
1076 4478 1080 4543 Ι
1115 4478 1129 4532 7
1158 4475 1268 4531 uereG
1296 4476 1301 4543 Ι
1333 4476 1352 4530 9
1375 4478 1407 4529 tu
1424 4490 1533 4543 quoque

226 4561 363 4630 archelae]
381 4577 488 4630 queque
506 4561 649 4617 archelaus
666 4561 700 4614 M
728 4566 732 4628 Ι
765 4561 827 4631 deo]
846 4560 958 4616 domino
978 4561 1010 4614 Μ
1031 4562 1036 4629 Ι
1061 4560 1099 4616 12
1117 4559 1247 4629 volueris]
1266 4559 1396 4627 Zooaprri.
1414 4559 1533 4614 volucrit

228 4647 285 4702 OM
312 4650 317 4711 Ι
350 4647 389 4702 18
407 4646 478 4699 recob
495 4646 595 4700 inferre
613 4654 646 4709 Ι-
663 4645 783 4701 uoluerit
800 4646 834 4700 Μ
854 4648 858 4715 Ι
884 4648 922 4701 le
935 4645 1092 4700 nccbenim
1107 4652 1139 4709 Ι
1152 4644 1218 4699 mali
1236 4645 1270 4699 M
1290 4646 1295 4713 Ι
1325 4646 1362 4700 17
1381 4644 1532 4714 inrogares}

224 4749 263 4786 aa
280 4730 416 4803 irrogares
434 4748 501 4785 corr.
524 4730 562 4785 0²
593 4731 597 4798 Ι
631 4731 667 4786 21
689 4730 789 4801 signas,
807 4731 858 4785 das
877 4732 953 4784 letale
970 4748 982 4784 s
999 4729 1250 4785 durchetrr'cteno
