3726 5568
319 542 358 605 86
883 535 1069 604 Hegemonius

401 705 473 770 LIX
494 705 553 788 (L).
583 705 701 770 Mauras
721 725 833 770 nnus:
855 703 958 769 Nemo
974 706 1114 788 quidem,
1129 707 1184 790 qui
1197 706 1362 772 adversum
1375 709 1453 773 haec
1469 731 1549 793 quae
1564 732 1583 774 a
1596 714 1628 774 te

318 807 491 872 dictasunt
512 808 700 888 respondere
723 806 870 890 potnerit,
890 804 1106 888 blasphemiae
1121 807 1240 871 crimen
1260 808 1406 888 incurrit,
1429 810 1628 892 quin'potius

318 912 366 972 est
393 908 480 971 omni
505 906 598 971 laude
624 907 837 991 dignissimus.
885 905 1019 991 Oportet
1045 907 1129 971 enim
1155 907 1309 971 artificem
1336 909 1429 972 rebus
1454 911 1628 993 propositis

318 1007 523 1090 responsione
546 1005 715 1091 diligenter
735 1011 850 1091 aptata,
872 1007 1041 1071 manifesta
1062 1006 1209 1071 omnibus
1231 1029 1268 1070 ea
1281 1009 1320 1071 de
1336 1006 1450 1092 quibus
1466 1010 1629 1092 quaeritur

284 1106 369 1171 bvel
395 1105 557 1172 dubitetur
587 1110 751 1172 ostendere
779 1111 810 1171 et
835 1106 970 1171 maxime
991 1105 1107 1171 idiotis.
1148 1103 1192 1169 Et
1214 1107 1363 1189 quoniam
1384 1106 1444 1171 tibi
1465 1110 1664 1174 doctrinm

318 1210 444 1271 nostrae
466 1229 529 1270 non
550 1206 654 1290 placet
673 1207 764 1286 ratio,
784 1211 948 1291 tamquam
963 1204 1076 1269 artifex
1089 1206 1192 1270 bonus
1213 1205 1308 1270 etiam
1329 1207 1411 1272 hanc
1424 1207 1502 1272 mihi
1517 1230 1629 1292 quaes·

319 1306 439 1370 tionem
470 1306 698 1371 rationabiliter
730 1305 864 1371 exsolve.
912 1305 992 1370 Mihi
1023 1306 1106 1368 enim
1136 1305 1224 1389 pium
1255 1305 1379 1371 videtur
1408 1309 1511 1373 dicere
1542 1312 1629 1392 quod

318 1406 399 1471 nihil
422 1406 543 1490 eguerit
569 1405 655 1470 filius
681 1407 732 1470 dei
757 1407 791 1470 in
817 1408 962 1490 eoquod
988 1409 1140 1470 adventus
1162 1406 1229 1470 eius
1250 1410 1436 1489 procuratur
1461 1410 1502 1471 ad
1527 1413 1628 1474 terras

319 1528 421 1590 neque
443 1528 522 1590 opus
544 1505 689 1569 hahuerit
710 1505 856 1570 columba
877 1528 980 1590 neque
1001 1504 1191 1588 baptismate
1212 1527 1314 1590 neque
1333 1510 1433 1571 matre
1447 1529 1550 1591 neque
1565 1508 1628 1574 tra·

268 1606 301 1660 10
318 1604 428 1685 tribus,
450 1605 584 1670 fortasse
606 1627 708 1688 neque
729 1609 832 1689 patre,
856 1605 912 1690 qui
933 1606 962 1669 ei
983 1608 1155 1671 secundum
1176 1610 1208 1670 te
1230 1604 1291 1670 fuit
1311 1604 1438 1690 Ioseph3
1464 1610 1519 1673 sed
1541 1611 1665 1674 totust

317 1704 373 1770 ille
394 1705 461 1788 ipse
484 1703 682 1783 descendens,
705 1711 805 1770 semet
821 1706 926 1790 ipsum
939 1707 973 1769 in
995 1726 1195 1790 quocumque
1216 1706 1318 1770 voluit
1338 1708 1574 1772 transformavit
1593 1707 1628 1771 in

319 1804 478 1870 hominem
509 1828 546 1871 eo
572 1810 665 1888 pacto
693 1828 757 1890 quo
779 1804 896 1870 Paulus
918 1805 1008 1883 dicit,
1039 1805 1113 1887 quia
1142 1811 1246 1870 traditu
1263 1818 1396 1888 repertus
1417 1817 1459 1871 eat
1474 1817 1509 1871 ut
1529 1813 1626 1872 homa

319 1904 416 1969 Cuius
448 1905 545 1988 igitur
565 1906 613 1969 rei
634 1904 807 1990 indiguerit
827 1907 855 1970 is
878 1906 933 1990 qui
955 1909 1055 1970 semet
1079 1905 1184 1989 ipsum
1204 1906 1239 1970 in
1260 1905 1367 1971 omnia
1387 1904 1627 1985 transformarit,

319 2007 458 2069 ostende.
502 2005 635 2082 Quando
662 2005 746 2069 enim
768 2006 884 2081 voluit,
911 2007 995 2069 hunc
1022 2005 1182 2070 hominem
1208 2026 1315 2070 rursus
1337 2005 1574 2070 transformavit
1593 2007 1665 2070 int

268 2111 300 2163 15
319 2104 455 2188 speciem
485 2106 561 2170 solis
592 2127 630 2170 ac
654 2106 786 2170 vultum.
829 2104 920 2181 Quod
951 2105 978 2167 si
1004 2125 1111 2169 rursus
1137 2104 1268 2182 resistis,
1299 2104 1378 2169 mihi
1404 2111 1488 2170 recte
1509 2105 1628 2170 dicenti

318 2205 414 2268 fidem
436 2204 545 2269 nolens
568 2209 815 2284 accommodare,
838 2203 912 2268 audi
935 2204 1151 2269 definitionem
1172 2207 1259 2267 tuam
1276 2203 1308 2267 in
1324 2209 1472 2287 questas.
1494 2203 1529 2269 Si
1544 2204 1626 2269 enim

282 2312 285 2318 '
319 2303 480 2368 hominem
503 2326 574 2369 eum
595 2307 814 2369 tantummodo
837 2326 875 2367 ex
896 2303 999 2368 Maria
1020 2326 1088 2370 esse
1108 2303 1187 2367 dicis
1218 2308 1250 2366 et
1270 2302 1304 2366 in
1325 2302 1515 2386 baptismate
1537 2304 1629 2386 spiri·

318 2408 387 2467 tum
410 2403 596 2488 percepisse,
618 2423 693 2488 ergo
715 2426 773 2487 per
795 2404 971 2486 profectum
993 2402 1078 2468 filius
1091 2402 1251 2468 videbitur
1273 2407 1304 2466 et
1327 2424 1390 2467 non
1406 2425 1463 2486 per
1475 2408 1629 2469 naturam.

319 2501 353 2565 Si
376 2508 482 2567 tamen
503 2503 563 2567 tihi
584 2504 755 2568 concedam
777 2503 880 2568 dicere
912 2506 1085 2567 secundum
1114 2502 1292 2586 profectum
1323 2525 1390 2568 esse
1411 2502 1512 2567 filium
1539 2504 1666 2587 quasit

267 2606 301 2661 20
318 2602 477 2668 hominem
504 2602 623 2668 factum
655 2602 814 2668 hominem
845 2624 917 2667 vere
942 2622 1010 2667 esse
1032 2602 1184 2685 opinaris,
1210 2603 1244 2666 id
1266 2608 1314 2668 est
1335 2603 1390 2687 qui
1411 2623 1483 2667 caro
1506 2607 1537 2666 et
1558 2624 1630 2667 san·

319 2702 390 2785 guis
413 2703 473 2767 sit?
510 2702 648 2768 Necesse
670 2706 718 2767 est
733 2720 807 2786 ergo
831 2706 863 2765 et
881 2701 1036 2785 spiritum,
1058 2702 1112 2785 qui
1126 2702 1210 2766 sicut
1228 2702 1375 2768 columba
1389 2702 1543 2785 adparuit,
1564 2722 1629 2766 non

317 2800 404 2865 aliud
428 2824 612 2886 essequam
640 2800 817 2867 naturalem
843 2800 1035 2879 columbam,
1061 2807 1138 2866 mmet
1158 2808 1246 2866 immo
1273 2803 1356 2867 enim
1378 2803 1497 2867 dictum
1524 2806 1572 2867 est
1597 2805 1666 2865 eit

318 2906 396 2964 meat
417 2908 550 2966 columba
573 2908 603 2966 et
619 2922 837 2986 quaecumque
859 2901 983 2984 opinari
998 2905 1103 2983 potest
1117 2903 1154 2964 de
1170 2923 1207 2966 eo
1227 2923 1379 2980 sermone,
1402 2903 1488 2985 quod
1509 2902 1629 2965 dictum

320 3004 376 3079 est,
397 3006 476 3065 ucat
497 3006 594 3081 hemo,
617 3004 675 3067 hac
690 3001 837 3087 opinione
853 3000 987 3083 concipe
1003 3001 1096 3064 eham
1112 3003 1150 3065 de
1166 3023 1212 3074 eo,
1235 3004 1320 3085 qaod
1342 3001 1462 3065 dietum
1483 3003 1539 3077 est,
1553 3005 1631 3063 εἰοιιι

266 3111 300 3165 25
318 3104 460 3165 columba.
500 3100 638 3167 Necesse
659 3107 707 3167 est
730 3105 762 3165 et
784 3101 862 3166 haec
883 3099 1059 3184 aequaliter
1081 3102 1229 3184 recipere,
1250 3103 1296 3168 ita
1319 3101 1403 3165 euim
1418 3100 1451 3163 in
1466 3099 1629 3183 scripturis

319 3222 399 3283 quae
421 3203 460 3265 de
482 3223 519 3266 eo
541 3203 659 3285 scripta
680 3205 754 3267 suut
774 3200 984 3265 inveniuntur.
1021 3198 1225 3265 Aucnunaue
1246 3220 1355 3265 umet
1378 3200 1466 3265 Sicut
1486 3200 1547 3264 tihi
1561 3200 1629 3283 ipse
1650 3215 1664 3268 ἲ

317 3324 381 3366 non
408 3306 511 3384 potes,
541 3306 704 3386 tamquam
733 3303 835 3366 bonus
866 3297 993 3378 artifex,
1021 3321 1123 3384 neque
1146 3300 1286 3384 egotibi
1309 3298 1628 3384 hancquaestionem

319 3400 487 3486 diligenter
512 3407 652 3485 aptarem
684 3406 749 3464 tam
778 3399 978 3465 manifestam
1009 3403 1104 3482 atque
1133 3399 1302 3464 manifeste
1324 3398 1537 3476 dissolverem,
1566 3399 1628 3463 nisi

318 3505 449 3584 propter
475 3500 533 3575 hos
557 3502 612 3586 qui
638 3501 796 3565 adsistunt
822 3504 854 3564 et
876 3500 931 3583 qui
957 3519 1015 3562 nos
1035 3500 1182 3580 audiunt;
1210 3504 1241 3564 et
1261 3500 1347 3575 ideo,
1368 3500 1452 3565 sicut
1473 3497 1629 3574 convenit,

266 3607 300 3660 30
320 3600 515 3684 quaestionis
536 3601 630 3665 huius
653 3622 779 3684 quoque
801 3620 954 3683 exponam
977 3598 1141 3663 rationem.
1178 3597 1252 3663 Tibi
1271 3599 1398 3682 quidem
1419 3619 1484 3662 non
1505 3598 1630 3662 videtur
1648 3607 1667 3663 8

317 3699 371 3781 pie
393 3700 453 3764 dici
486 3704 619 3764 matrem
650 3699 797 3764 habuisse
819 3696 924 3763 lesum
945 3698 1080 3762 Mariam
1106 3697 1285 3782 etreliqua
1311 3720 1391 3782 quae
1417 3719 1502 3762 nunc
1523 3719 1630 3781 prose·

403 3864 441 3919 12
468 3863 539 3917 Phil.
564 3865 592 3930 2,
616 3865 630 3917 7
657 3894 690 3902 -
718 3865 756 3919 22
785 3863 856 3917 Phil.
878 3863 902 3929 2,
927 3865 950 3919 7.
989 3862 1132 3931 Martha,
1151 3864 1191 3919 16.
1230 3863 1360 3926 Marici,
1380 3863 1419 3918 10.
1458 3863 1527 3917 Lulr.
1545 3865 1569 3927 3,
1588 3864 1629 3920 22.

317 3948 379 4004 Joh.
398 3952 421 4013 1,
439 3948 473 4002 32

408 4083 463 4139 OM

402 4220 624 4291 treeponsicne]
642 4220 713 4273 nach
730 4221 826 4290 aptata
840 4218 928 4285 ,peret
947 4217 986 4271 Μ.
1013 4219 1017 4286 1
1052 4218 1089 4273 12
1108 4215 1220 4271 homine
1235 4217 1291 4271 ΟΜ
1319 4219 1324 4286 1
1358 4218 1396 4273 la
1414 4216 1534 4286 isliisO
1557 4219 1562 4286 Ι
1589 4218 1629 4273 14

317 4305 419 4373 rursus]
438 4324 451 4358 s
468 4322 521 4359 aus
539 4324 567 4359 m
585 4321 653 4358 corr.
676 4305 714 4360 (7²
745 4307 750 4372 1
784 4304 822 4359 lt
839 4301 951 4357 nolisG
975 4303 979 4368 Ι
1008 4300 1185 4358 lsfiliumo
1208 4303 1213 4369 Ι
1241 4303 1279 4358 22
1293 4301 1448 4356 naturalem
1461 4301 1628 4370 columbam]

317 4390 445 4445 naturale
476 4389 632 4444 columbam
662 4389 686 4444 0
710 4386 845 4443 naturalis
867 4386 996 4442 columba
1013 4385 1048 4439 M
1075 4388 1079 4453 Ι
1113 4386 1152 4440 24
1171 4385 1233 4456 hac]
1253 4403 1286 4441 ae
1306 4386 1362 4442 ΟΜ
1388 4387 1393 4453 Ι
1426 4387 1466 4441 td
1489 4385 1631 4441 iuvenitur

321 4474 517 4529 Ocoutiuetur
534 4474 569 4528 Μ
598 4477 601 4541 Ι
634 4474 674 4529 28
693 4471 894 4541 diffigenterO
923 4474 927 4535 Ι
960 4473 1084 4541 aptarem
1101 4469 1169 4540 tam]
1189 4473 1284 4541 aptare
1305 4474 1363 4525 tam
1385 4471 1519 4539 Captare
1540 4469 1628 4524 uitam

317 4558 351 4613 Μ
381 4562 384 4626 Ι
418 4557 603 4626 manifestam]
627 4558 832 4612 manifestarem
861 4555 917 4610 OM
945 4556 950 4622 Ι
981 4555 1136 4625 manifeste]
1163 4555 1340 4624 manifestem
1366 4556 1481 4624 (festeq3
1507 4572 1534 4609 a
1551 4554 1630 4621 ltus.)

320 4645 343 4699 0
366 4643 530 4712 manifestet
545 4642 582 4697 M.
619 4642 671 4695 Die
699 4641 775 4695 seue
800 4639 839 4694 a'st
860 4642 931 4695 arach
957 4640 986 4694 Z.
1007 4641 1073 4695 3-7
1099 4640 1235 4708 uuqesdhr
1260 4640 1309 4694 acab
1335 4640 1377 4693 im
1405 4640 1479 4694 Teate
1500 4639 1569 4693 stelit
1592 4657 1630 4694 aa

317 4726 485 4795 torrr'preren
516 4728 521 4793 Ι
555 4726 593 4783 29
611 4727 672 4795 hos]
692 4744 704 4779 s
721 4743 774 4780 aas
792 4743 807 4780 c
824 4726 891 4780 obvie
908 4726 974 4780 Rus.
993 4742 1062 4779 carr.
1083 4725 1121 4781 0¹
1138 4742 1169 4778 w.
1187 4742 1208 4780 e.
1226 4724 1281 4778 sch.
