3768 5566
335 543 353 603 2
894 535 1080 606 Hegemonins

334 708 483 783 moratus
504 704 680 788 ingreditur
700 706 829 769 domurn
850 727 1040 788 praeparans
1062 704 1164 788 pretia
1178 703 1374 788 captivorum
1389 706 1643 789 quantacumque

333 805 553 887 poposcissent
583 806 638 887 qui
668 807 861 868 deduxerant
890 805 1026 883 vinctos,
1057 809 1089 869 et
1119 804 1282 885 continuo,
1312 803 1457 868 reseratis
1486 805 1642 869 bonorum

333 925 462 969 suorum
483 903 647 982 thesauris,
668 903 794 987 pietatis
815 906 917 987 pretia
937 903 1092 969 militibus
1107 924 1166 968 nec
1180 924 1310 968 numero
1324 901 1432 986 aliquo
1448 923 1506 967 nec
1528 902 1641 968 ducre-

333 1004 418 1069 tione
438 1003 505 1067 ulla
531 1003 710 1088 distinguit,
740 1008 777 1068 ut
805 1004 907 1088 magis
935 1006 1018 1068 dona
1053 1025 1148 1088 quam
1172 1002 1274 1086 pretia
1298 1002 1487 1067 viderentur.
1528 1003 1574 1067 At
1593 1002 1684 1067 illie

298 1103 480 1168 aadmireti
504 1107 536 1167 et
560 1104 697 1187 amplexi
721 1108 786 1168 tam
812 1104 987 1169 inmensam
1012 1103 1073 1166 viri
1098 1103 1248 1185 pietatem
1273 1101 1585 1186 munificentiamque
1611 1108 1643 1167 et

332 1203 408 1268 faeti
430 1207 557 1286 stupore
572 1204 708 1286 permoti
729 1202 872 1286 exemplo
887 1203 1121 1268 misericordiae
1142 1206 1387 1280 commoventur,
1404 1200 1449 1265 ita
1463 1206 1500 1266 ut
1512 1201 1641 1285 plurimi

332 1326 369 1366 er
399 1302 476 1387 ipsis
507 1305 736 1367 adducerentur
765 1305 805 1366 ad
834 1302 928 1366 fidem
960 1301 1080 1366 domini
1109 1301 1211 1367 nostri
1238 1300 1310 1366 lesu
1332 1299 1460 1381 Christi,
1491 1299 1640 1367 derelicto

331 1402 464 1467 militiae
486 1402 628 1487 cingulo;
655 1402 709 1467 alii
730 1425 817 1481 vere,
843 1401 897 1466 uix
919 1405 1030 1485 quarta
1051 1403 1225 1484 pretiorum
1245 1400 1391 1484 portione
1412 1406 1572 1483 suscepta,
1601 1405 1641 1465 ad

330 1501 458 1583 propria
479 1506 581 1566 castra
603 1502 811 1578 discederent3
834 1502 929 1566 ceteri
951 1506 1056 1566 autem
1078 1524 1190 1585 parum
1206 1500 1335 1566 omnino
1351 1498 1472 1583 aliquid
1487 1504 1640 1584 quantum

280 1613 313 1666 10
330 1601 445 1667 viatico
467 1600 628 1666 sufficeret
649 1601 837 1684 accipientes
860 1601 990 1666 abirent
1044 1634 1047 1639 ·
1197 1608 1200 1614 '

413 1698 452 1764 ll.
475 1699 535 1765 His
557 1701 665 1785 itaque
687 1702 784 1786 gestis
804 1700 906 1765 laetus
928 1704 995 1764 erat
1021 1699 1113 1764 valde
1134 1699 1306 1767 Marcellus
1329 1705 1372 1778 et,
1394 1698 1494 1765 accito
1516 1722 1579 1764 uno
1602 1722 1639 1765 ex

330 1799 463 1882 captivis
486 1799 636 1883 Cortynia
658 1801 793 1880 nomine,
814 1800 1016 1885 perquirebat
1041 1799 1081 1864 ab
1104 1822 1141 1864 eo
1168 1822 1295 1865 eausam
1316 1799 1394 1865 belli
1413 1798 1465 1863 vel
1484 1820 1547 1883 quo
1566 1821 1640 1865 casu

330 1898 391 1981 ipsi
422 1899 587 1965 inferiores
619 1900 779 1966 extiterint
808 1923 845 1965 ac
875 1898 1009 1964 uncialis
1040 1899 1232 1982 captivitatis
1261 1900 1369 1964 innexi
1399 1899 1471 1964 sint.
1512 1898 1557 1963 At
1577 1897 1680 1977 ille&

329 1996 481 2081 loquendi
503 1999 564 2064 sibi
585 2005 741 2084 potestate
762 2000 924 2084 permissa,
945 1999 991 2064 ita
1013 2021 1141 2065 exorsus
1164 2003 1223 2065 est:
1246 1998 1324 2080 Nos,
1347 1998 1473 2063 domine
1493 1998 1538 2062 mi
1557 1996 1639 2062 Mar·

279 2111 312 2163 15
330 2097 422 2179 celle,
456 2098 575 2164 viventi
610 2103 668 2166 deo
699 2100 854 2165 eredimus
885 2098 953 2163 soli.
1009 2097 1069 2163 Est
1098 2103 1203 2163 autam
1232 2099 1324 2165 nobis
1353 2119 1423 2163 mos
1459 2097 1639 2163 huiusmodi

328 2201 454 2279 patrum
480 2204 660 2264 nostrorum
681 2200 715 2262 in
736 2222 793 2264 nos
814 2199 984 2264 traditione
1006 2200 1199 2263 descendens
1229 2199 1347 2283 quique
1375 2220 1393 2260 a
1415 2199 1507 2263 nobis
1534 2199 1655 2264 obser.

329 2302 420 2361 vatus
443 2301 490 2361 est
510 2319 611 2382 usque
634 2300 674 2361 ad
696 2299 779 2362 hunc
800 2298 897 2377 diem,
918 2319 976 2380 per
997 2321 1095 2363 annos
1117 2298 1259 2382 singulos
1282 2302 1369 2361 extra
1388 2298 1500 2362 urbem
1522 2296 1640 2382 egressi

330 2419 392 2459 una
414 2418 486 2461 cum
508 2395 696 2482 coniugibus
717 2418 754 2461 ac
775 2395 896 2476 liberis,
924 2395 1137 2480 supplicamus
1163 2397 1224 2462 soli
1251 2402 1282 2461 et
1303 2394 1457 2461 invisibili
1479 2398 1551 2475 deo,
1580 2396 1638 2460 im·

329 2495 400 2559 bres
423 2496 462 2559 ab
485 2518 521 2562 eo
544 2497 620 2561 satis
642 2496 758 2561 nostris
780 2516 817 2560 ac
838 2496 983 2582 frugibus
1005 2499 1217 2576 obsecrantes3
1239 2499 1325 2580 quod
1346 2518 1418 2561 curn
1437 2500 1579 2578 tempore
1602 2517 1639 2559 ac

277 2611 311 2665 20
328 2617 416 2660 more
438 2594 533 2662 solito
562 2595 804 2674 celebraremus,
830 2596 1024 2661 inmorantes
1054 2595 1175 2662 ieiunos
1200 2618 1312 2680 vesper
1333 2596 1454 2660 obtexit
1475 2599 1506 2659 et
1528 2614 1637 2679 grava

328 2695 405 2758 bant
426 2716 484 2758 nos
506 2698 568 2761 duo
590 2693 731 2760 omnium
754 2694 955 2774 difficillima,
982 2696 1134 2760 ieiunium
1155 2700 1187 2760 et
1207 2695 1343 2779 vigiliae.
1386 2693 1476 2759 Circa
1498 2693 1637 2758 medium
1656 2707 1679 2761 3

328 2816 403 2858 vero
425 2795 528 2860 noctis
545 2795 671 2858 invidus
693 2794 785 2859 nobis
806 2799 837 2859 ct
860 2796 1048 2878 inportunus
1070 2817 1198 2860 somnus
1220 2794 1361 2877 obrepsit
1391 2799 1434 2874 et,
1464 2793 1638 2858 cervicibus

328 2893 506 2977 degravatis
528 2917 564 2959 ac
583 2893 671 2973 laxis,
693 2895 829 2959 demisso
845 2895 957 2977 capite,
980 2896 1117 2960 frontem
1139 2896 1271 2979 genibus
1294 2893 1407 2960 inlidit.
1442 2891 1513 2959 Hoc
1533 2897 1637 2957 autem

328 2993 448 3057 facturn
475 2998 535 3073 est,
566 2993 715 3077 quoniam
738 2998 863 3075 tempus
890 2998 999 3058 aderat
1025 2998 1063 3059 ut
1084 2993 1135 3058 dei
1155 2993 1272 3059 iudicio
1299 3011 1417 3078 poenas
1438 3015 1496 3076 pro
1517 2993 1638 3058 meritis

275 3107 310 3161 25
327 3095 549 3174 penderemus;
576 3094 708 3158 forsitan
736 3094 819 3157 enim
839 3097 1006 3177 peccantes
1027 3093 1251 3178 ignorabamus
1274 3093 1444 3157 autetiam
1466 3111 1638 3177 agnoscen-

327 3197 374 3256 tes
397 3215 461 3258 non
483 3193 711 3258 desinebamus.
754 3191 790 3256 ln
812 3192 869 3256 illa
889 3193 988 3276 igitur
1008 3193 1086 3256 bora
1107 3193 1212 3257 subito
1234 3192 1371 3257 militum
1390 3214 1448 3257 nos
1467 3191 1678 3257 multitud04

328 3293 515 3372 circumdet,
536 3297 573 3357 ut
594 3293 739 3372 aestimo,
760 3296 907 3375 putantes
929 3315 986 3359 nos
1007 3314 1065 3376 pro
1087 3291 1209 3356 insidiis
1232 3292 1411 3358 consedisse
1433 3297 1487 3356 aut
1509 3292 1637 3357 omnino

327 3414 420 3457 usum
442 3391 491 3456 vel
514 3392 653 3457 studium
674 3392 791 3457 habere
813 3391 1018 3475 proeliorum,
1049 3396 1081 3455 et
1105 3390 1194 3456 nulla
1220 3396 1393 3456 conventus
1421 3391 1521 3457 nostri
1544 3414 1638 3456 eausa

326 3493 452 3574 penitus
475 3491 646 3575 explorata,
667 3490 786 3556 bellum
807 3492 899 3557 nobis
921 3493 1119 3570 denuntiant,
1140 3514 1203 3556 non
1226 3513 1369 3556 sermone
1391 3493 1446 3554 sed
1468 3490 1584 3575 gladio,
1606 3496 1637 3554 et

275 3605 309 3659 30
325 3591 482 3672 homines,
511 3591 566 3675 qui
587 3590 734 3655 iniuriam
757 3591 859 3655 facere
882 3592 1030 3675 cuiquam
1051 3614 1113 3656 non
1137 3589 1317 3666 didicimus,
1338 3590 1406 3654 sine
1427 3589 1494 3654 ulla
1514 3590 1635 3655 miseri·

326 3691 434 3755 cordia
455 3688 663 3755 missibilibus
689 3691 867 3767 vulnerant,
897 3691 997 3756 hastis
1028 3690 1227 3769 confodiunt,
1257 3689 1460 3754 mucronibus
1481 3689 1635 3771 iugulant.

326 3790 369 3854 Et
388 3789 614 3853 interfecerunt
636 3789 763 3873 quidem
785 3812 822 3854 ex
837 3789 929 3855 nobis
952 3792 992 3854 ad
1006 3789 1093 3854 mille
1107 3794 1264 3855 trecentos
1279 3789 1372 3867 unos,
1394 3788 1676 3854 vulneraveruntb

325 3894 430 3957 autem
452 3888 651 3972 quingentos.
693 3887 773 3952 Cum
793 3910 866 3953 vero
889 3890 955 3953 dies
976 3889 1136 3969 inclaruit,
1167 3890 1222 3973 qui
1244 3889 1463 3973 superfuerant
1484 3911 1522 3952 ex
1543 3888 1634 3954 nobis

325 3990 387 4053 hue
407 3991 622 4072 perduxerunt
647 3989 801 4070 captivos,
831 4010 888 4052 nec
918 3989 964 4053 sic
990 3988 1115 4073 quidem
1143 3987 1263 4072 aliquid
1289 3989 1381 4054 nobis
1402 3987 1635 4052 misericordiae

274 4102 307 4155 35
325 4090 545 4168 concedentes;
568 4089 704 4171 agebant
726 4087 809 4152 enim
830 4110 888 4153 nos
911 4094 983 4154 ante
1006 4109 1112 4172 equos,
1135 4088 1298 4153 hastilium
1319 4088 1502 4152 verberibus
1524 4088 1635 4151 stimu-

413 4252 468 4307 OM

410 4386 565 4457 dpretinm
583 4387 617 4441 Μ
644 4390 649 4456 Ι
681 4388 758 4458 4ut]
785 4386 858 4457 quod
876 4387 908 4440 Μ
933 4390 938 4457 Ι
970 4390 1215 4445 sscommonentur
1237 4389 1260 4443 Ο
1291 4389 1296 4455 Ι
1327 4388 1369 4442 ita
1386 4397 1418 4447 <
1441 4388 1463 4444 θ
1484 4390 1488 4456 Ι
1515 4390 1528 4444 7
1550 4387 1632 4442 adde·

325 4474 419 4525 rentur
440 4471 463 4526 0
483 4473 488 4539 Ι
512 4474 530 4528 8
548 4473 622 4542 sero]
642 4475 733 4527 autem
751 4473 783 4526 M
805 4474 809 4540 Ι
833 4472 905 4526 eceb
924 4476 1022 4541 quarta
1039 4480 1070 4539 Ι
1089 4476 1168 4543 parte
1185 4474 1219 4526 Μ
1239 4474 1244 4542 Ι
1267 4473 1286 4527 9
1305 4473 1408 4542 autem]
1425 4491 1492 4529 uero
1510 4474 1544 4527 M
1564 4475 1570 4541 Ι
1594 4474 1632 4528 12

325 4556 449 4624 cortynio
471 4557 591 4626 nominc]
620 4558 749 4613 continno
768 4556 802 4610 Μ
829 4559 834 4624 Ι
869 4556 906 4621 lb
934 4556 1105 4612 credidimus.
1140 4558 1211 4613 Solis
1229 4560 1321 4612 autem
1339 4559 1381 4611 est
1399 4558 1430 4610 Μ
1461 4560 1465 4627 Ι
1500 4559 1536 4613 l?
1559 4557 1634 4611 intra

329 4643 351 4695 C
382 4644 385 4706 Ι
419 4641 459 4696 30
484 4640 600 4711 ieiunos]
622 4659 672 4695 nos
689 4641 791 4697 ieiunio
809 4641 843 4694 Μ
873 4644 876 4709 Ι
911 4641 948 4695 al
976 4640 1147 4697 difficiliaO
1175 4643 1180 4709 Ι
1214 4642 1252 4696 23
1276 4642 1401 4697 lassisG
1429 4651 1434 4712 Ι
1467 4643 1591 4697 demerso
1613 4642 1639 4696 C

325 4727 329 4793 Ι
359 4725 482 4780 eliditO
511 4730 514 4794 Ι
549 4728 587 4782 36
604 4724 723 4779 militum
739 4743 790 4779 nos
807 4746 842 4774 m
861 4726 893 4778 Μ
923 4724 928 4792 Ι
961 4726 998 4783 33
1016 4726 1162 4781 inclinauit
1179 4726 1212 4779 M
1242 4728 1246 4795 Ι
1279 4727 1318 4782 34
1337 4726 1488 4795 perduxere
1506 4726 1540 4780 M
