3726 5568
303 514 342 577 50
869 505 1055 575 Hegemoniua

303 674 433 758 dulgeat
453 697 518 740 non
539 674 638 740 semel
659 679 792 754 tantum,
815 677 871 738 sed
892 678 924 739 et
944 695 1004 739 nee
1024 678 1160 741 seeundo
1182 696 1240 740 nee
1256 677 1350 742 tertio
1371 701 1424 742 nes
1437 684 1537 742 solam
1550 702 1613 760 sep-

303 779 365 855 ties,
387 779 438 839 aad
458 779 626 856 septaapies
647 780 769 856 erptiam
790 776 875 858 quod
898 773 925 838 si
946 779 1020 857 post
1034 775 1112 840 haee
1126 775 1159 839 in
1175 775 1324 841 iniuriam
1345 779 1552 860 permanserit
1565 778 1613 843 in-

303 877 458 959 rogando‚
489 879 566 939 tuno
596 875 724 938 demum
752 873 818 958 legi
848 895 920 938 aum
951 873 1065 938 dehere
1086 876 1294 941 subcumbere
1316 877 1421 960 Moysi
1450 899 1509 943 nee
1529 878 1613 943 ultra

302 974 427 1039 veniam
458 973 525 1039 dari
557 974 585 1038 ei
607 974 663 1057 qui
692 973 727 1037 in
755 973 877 1037 iniuriis
907 979 1099 1056 perseverat,
1121 996 1192 1040 eum
1214 976 1276 1041 sibi
1297 977 1475 1061 septuagies
1496 977 1613 1061 septies

269 1073 399 1139 afuerit
420 1073 589 1140 indultum.
624 1071 700 1139 Non
722 1073 825 1139 solum
840 1078 946 1138 autem
964 1074 1048 1152 huie,
1071 1077 1126 1139 sed
1149 1075 1243 1139 etiam
1257 1075 1285 1140 si
1300 1076 1371 1160 quis
1393 1075 1461 1142 filio
1476 1078 1613 1143 hominis
1634 1092 1648 1144 1

302 1173 460 1239 intulisset
481 1172 642 1252 iniuriam,
664 1175 789 1238 veniam
811 1171 905 1236 dedit
949 1171 983 1237 Si
1005 1194 1080 1240 vero
1106 1174 1232 1258 spiritui
1253 1180 1374 1254 saneto,
1396 1175 1519 1242 duobus
1541 1200 1611 1242 eum

303 1273 444 1338 subdidit
464 1273 651 1351 maledictis,
672 1274 707 1337 id
728 1276 776 1337 est
796 1272 902 1354 Moysi
923 1271 1004 1356 legis
1027 1279 1059 1338 et
1080 1297 1168 1352 suae3
1194 1275 1299 1359 Moysi
1321 1277 1448 1359 quidem
1470 1276 1504 1340 in
1524 1299 1611 1360 prae

303 1373 391 1449 senti,
414 1395 488 1438 suae
510 1394 585 1437 vero
615 1371 648 1436 in
670 1371 780 1437 iudioii
809 1376 960 1454 tempore,
990 1372 1035 1436 ait
1056 1373 1139 1438 enim
1169 1375 1227 1439 ita:
1247 1381 1350 1458 Neque
1369 1381 1406 1441 in
1425 1382 1480 1441 hoe
1498 1383 1613 1443 eurardo

303 1494 395 1553 nepae
415 1477 450 1535 in
471 1477 574 1552 saturo
595 1477 813 1537 resurretura.
847 1472 954 1554 Moysi
975 1489 1051 1555 ergo
1072 1472 1124 1537 lex
1146 1479 1194 1539 est
1211 1496 1292 1558 quae
1313 1476 1346 1540 in
1368 1477 1525 1559 praesenti
1546 1499 1613 1542 sae-

252 1583 286 1637 10
303 1570 375 1636 aulo
390 1570 471 1635 nulli
489 1572 615 1636 veniam
629 1570 748 1650 tribuit,
770 1569 888 1636 Christi
901 1593 976 1636 vero
990 1576 1038 1637 est
1053 1596 1133 1657 quae
1147 1573 1286 1640 vindieat
1299 1574 1333 1639 in
1348 1574 1464 1642 futuro.
1489 1574 1539 1640 Ex
1553 1578 1614 1642 hoo
1631 1586 1650 1642 8

303 1672 424 1735 intuere
439 1674 707 1754 quemadmodum
722 1671 890 1737 confirmat
910 1669 1022 1755 legem,
1044 1696 1108 1739 non
1123 1673 1226 1739 solum
1240 1696 1304 1739 non
1319 1674 1444 1741 solvens
1459 1697 1536 1755 eam,
1558 1679 1613 1741 sed

303 1768 435 1853 inplens.
457 1769 605 1836 Redimet
620 1789 696 1854 ergo
712 1791 766 1836 eos
781 1774 821 1837 ab
836 1793 873 1836 eo
889 1774 974 1855 quod
990 1773 1023 1836 in
1040 1774 1198 1856 praesenti
1211 1774 1349 1857 positum
1364 1780 1431 1840 erat
1443 1774 1612 1840 maledieto

302 1869 395 1954 legis,
424 1891 462 1936 ex
494 1892 558 1954 quo
585 1875 774 1936 omledielam
799 1876 871 1953 lepis
892 1872 1085 1956 appellatum
1117 1876 1173 1938 est
1216 1872 1305 1939 Haeo
1327 1874 1412 1941 omni
1433 1875 1528 1939 huius
1550 1896 1613 1940 ser-

302 1971 389 2034 moni
411 1975 460 2035 est
480 1971 571 2036 ratio.
607 1970 671 2036 Cur
693 1975 798 2035 autem
814 1976 912 2036 virtus
929 1977 1041 2054 peremi
1061 1976 1139 2036 dieto
1156 1978 1197 2036 sit
1216 1979 1268 2051 lea,
1290 1995 1347 2057 pro
1362 1974 1481 2040 viribus
1496 1975 1613 2041 nostris

252 2082 287 2135 15
302 2071 439 2135 breviter
466 2070 662 2154 exponimus.
704 2070 863 2154 Scriptum
891 2076 939 2137 est
965 2072 1061 2136 enim:
1087 2076 1166 2145 Quia
1187 2077 1267 2139 iusto
1294 2079 1338 2137 lae
1357 2097 1422 2138 noa
1442 2085 1486 2138 est
1503 2079 1613 2155 posita,

302 2173 501 2234 aestimastis
522 2181 631 2235 elnon
653 2175 795 2249 subditis,
824 2177 921 2253 inpiis
950 2182 976 2235 et
997 2178 1131 2236 satiastis.
1173 2170 1248 2237 Non
1270 2192 1346 2255 ergo
1373 2177 1440 2237 erat
1465 2178 1542 2238 tune
1561 2173 1649 2242 laxo

302 2264 426 2333 litterae
456 2269 562 2352 posita
593 2269 847 2353 delinquentibus
878 2275 951 2334 ante
973 2271 1118 2352 Moysen,
1148 2273 1231 2335 unde
1261 2276 1294 2335 et
1314 2270 1437 2338 Pharao
1464 2273 1613 2355 ignorans

302 2369 452 2433 virtutem
467 2369 591 2451 peceati
605 2368 809 2453 delinquebat
823 2368 978 2453 adfligens
993 2370 1118 2435 iniustis
1140 2370 1288 2435 oneribus
1307 2370 1390 2437 filios
1404 2371 1546 2452 Istrahel,
1568 2374 1613 2437 di·

303 2467 433 2531 vinitate
448 2467 607 2551 negleeta;
630 2488 693 2532 non
708 2469 811 2534 solum
826 2469 902 2551 ipse,
925 2472 980 2533 sed
995 2475 1027 2534 et
1041 2491 1150 2534 omnes
1165 2471 1220 2553 qui
1235 2491 1307 2534 eum
1323 2493 1359 2536 eo
1375 2476 1471 2536 erant.
1494 2471 1612 2537 Verum

251 2579 287 2633 20
304 2589 343 2631 ne
368 2569 441 2630 utar
465 2565 606 2650 longiori
632 2568 778 2647 circuitu,
805 2566 931 2633 brevius
953 2571 1065 2633 dieam.
1106 2568 1208 2634 Erant
1229 2570 1357 2653 quidam
1380 2570 1613 2654 Aegyptiorum
1633 2592 1671 2646 10

302 2665 434 2729 admixti
456 2687 529 2730 eum
551 2667 670 2750 populo
686 2669 798 2751 Moysi,
821 2689 893 2733 oum
915 2670 954 2733 ab
970 2690 1007 2733 eo
1022 2673 1186 2752 regeretur
1205 2669 1343 2754 populus
1365 2671 1399 2734 in
1420 2673 1559 2753 desert03
1581 2676 1614 2736 et

303 2787 374 2830 enm
396 2764 524 2848 Moyses
545 2767 668 2850 positus
690 2772 773 2832 esset
793 2769 826 2833 in
841 2772 949 2833 monte
970 2790 1027 2852 pro
1044 2791 1080 2833 eo
1095 2773 1131 2832 ut
1145 2770 1302 2853 acciperet
1322 2769 1434 2854 legem,
1455 2771 1612 2853 inpatiens

301 2864 447 2948 populus,
468 2887 532 2930 non
549 2866 603 2932 ille
620 2867 674 2951 qui
689 2890 762 2933 vere
777 2872 844 2932 erat
858 2868 1045 2946 Istrahelita‚
1063 2871 1119 2933 sed
1134 2869 1189 2951 qui
1205 2891 1242 2933 ex
1257 2869 1426 2953 Aegyptiis
1440 2868 1545 2934 fuerat
1559 2873 1612 2934 ad-

302 2966 432 3044 mixtus,
458 2965 594 3031 vitulum
616 2967 677 3031 sibi
698 2967 864 3033 oonst'tuit
885 2970 979 3033 deum
1000 2970 1173 3033 seeundum
1199 2967 1369 3050 pristinum
1389 2990 1523 3049 morem,
1549 2991 1612 3053 quo

251 3076 286 3130 25
302 3064 442 3130 soluerat
462 3065 641 3147 simulacra,
671 3067 704 3131 in
726 3089 789 3151 quo
820 3088 878 3132 nee
909 3067 1061 3132 scelerum
1083 3089 1201 3150 poenas
1223 3066 1393 3151 aliquando
1415 3071 1612 3151 rependeret;

303 3168 335 3229 et
355 3165 427 3230 ideo
448 3165 599 3229 virtutem
628 3166 750 3249 peceati
780 3168 831 3231 sui
859 3167 982 3250 penitus
1013 3165 1216 3251 ignorabant;
1247 3188 1328 3250 quae
1353 3187 1424 3231 oum
1451 3188 1612 3251 regressus
1632 3177 1667 3233 ll

302 3265 484 3347 agnovisset
504 3264 642 3348 Moyses,
663 3265 823 3349 praecepit
842 3288 896 3330 eos
919 3265 1025 3349 gladio
1040 3265 1199 3345 trucidari,
1222 3288 1259 3331 ex
1275 3288 1338 3350 quo
1353 3265 1478 3331 initium
1493 3267 1610 3332 fastum

301 3367 349 3429 est
371 3365 487 3430 sentire
511 3387 565 3430 eos
589 3364 734 3430 virtutem
765 3366 887 3449 peecati
908 3387 965 3449 per
993 3365 1098 3449 legem
1120 3364 1226 3448 Moysi
1260 3370 1292 3430 et
1319 3371 1485 3450 propterea
1513 3372 1613 3432 virtus

295 3469 407 3545 peasa
428 3464 580 3547 appelata
601 3470 649 3531 est
668 3465 728 3532 lex,

251 3582 286 3637 30
384 3563 519 3629 XXXVI
546 3564 685 3645 XXXII).
736 3566 785 3631 De
818 3589 855 3632 eo
886 3587 962 3631 vero
993 3567 1077 3649 quod
1109 3565 1142 3628 in
1172 3564 1336 3648 euangelio
1367 3564 1520 3646 seriptum
1555 3570 1611 3645 est

299 3686 352 3727 nos
373 3668 409 3727 de
424 3674 511 3745 patre
532 3669 647 3729 diabolo
668 3672 739 3730 estis
761 3669 792 3730 et
813 3665 943 3748 reliqua,
968 3664 1107 3729 breviter
1128 3663 1261 3729 dieimus
1292 3663 1367 3747 quia
1395 3668 1443 3729 est
1464 3663 1610 3729 diabolus

301 3762 469 3845 inoperans
489 3763 523 3827 in
547 3763 647 3844 nobis,
679 3765 735 3849 qui
755 3765 805 3829 sui
836 3765 957 3829 arbitrii
989 3767 1146 3847 potestate
1175 3763 1255 3829 tales
1284 3786 1351 3829 esse
1372 3763 1480 3828 voluit.
1523 3764 1649 3830 Densa

385 3960 404 4016 8
421 3960 521 4014 Matth.
540 3962 582 4028 12,
601 3962 634 4016 32
651 3992 684 4001 —
704 3963 742 4017 12
759 3964 812 4029 syl.
832 3963 892 4018 Gal.
911 3964 936 4027 3,
955 3965 986 4017 13
1005 3993 1038 4001 —
1060 3962 1098 4017 14
1116 3962 1128 4014 Ι
1147 3962 1211 4016 lior.
1230 3964 1270 4025 15,
1289 3963 1322 4017 56
1340 3991 1373 4000 -
1393 3962 1430 4018 15
1448 3962 1462 4014 Ι
1479 3962 1548 4018 Tim.
1560 3966 1613 4030 1,9

302 4075 334 4083 -
353 4045 389 4102 81
412 4045 472 4100 Joh.
490 4047 515 4113 8,
534 4049 568 4100 44
586 4076 620 4085 —-
638 4047 740 4115 assai,
760 4048 775 4102 1
794 4047 844 4115 syl.
863 4047 929 4103 Gen.
950 4050 972 4113 1,
992 4047 1023 4100 31

390 4213 443 4269 OM

387 4363 582 4432 ain<01
615 4365 767 4421 tmosiO
794 4366 799 4433 1
833 4364 1009 4421 amoeeno
1037 4367 1042 4433 1
1075 4363 1339 4432 mossiqnidemOl
1371 4363 1548 4432 tmoeiGl
1576 4364 1614 4420 12

301 4449 390 4503 omnis
408 4448 443 4503 M
470 4449 475 4516 1
507 4450 640 4505 sermonis
666 4450 747 4505 huius
765 4449 799 4504 M
827 4454 832 4515 1
866 4451 904 4505 le
931 4450 1062 4519 scelestis]
1095 4449 1234 4504 sceleratis
1252 4448 1287 4503 M
1315 4450 1319 4515 Ι
1354 4449 1390 4502 li
1426 4448 1464 4516 et]
1491 4449 1534 4504 est
1559 4448 1584 4502 O
1608 4449 1614 4517 1

300 4533 424 4588 laraoO
451 4538 456 4601 1
489 4535 529 4590 211
545 4552 582 4589 ne
599 4536 671 4604 utar]
689 4536 755 4589 neni
772 4534 862 4589 raro
889 4537 894 4601 1
925 4534 1096 4605 longioreC
1124 4537 1129 4603 1
1166 4534 1202 4589 21
1223 4532 1354 4587 moseiO
1382 4533 1386 4600 1
1421 4532 1459 4588 23
1476 4531 1548 4586 nort
1565 4531 1615 4588 sed

301 4626 334 4683 -1-
352 4617 401 4672 ille
419 4618 452 4673 M
481 4620 485 4687 1
518 4619 690 4689 aegyptisO
717 4622 722 4690 1
755 4619 793 4674 25
812 4619 945 4687 soluerat]
964 4620 975 4674 l
996 4636 1022 4675 a.
1040 4619 1107 4672 Ros.
1124 4636 1157 4670 aa
1174 4636 1195 4673 e.
1213 4617 1267 4670 ech.
1291 4617 1338 4685 01
1371 4616 1407 4672 21
1428 4616 1538 4687 gladius
1560 4616 1584 4673 0
1609 4617 1615 4685 1

302 4704 341 4760 28
359 4703 492 4759 moseiO
520 4706 525 4771 1
558 4704 597 4760 22
616 4721 733 4773 operans
751 4704 784 4758 M
