3726 5568
296 466 336 528 56
860 457 1046 529 Hegemouius

296 631 375 694 trice
397 632 489 694 natus
509 634 564 707 est,
586 628 631 692 its
652 634 684 693 ot
704 631 737 693 in
752 627 874 694 nullum
890 629 988 694 elium
1003 629 1132 713 spiritus
1146 630 1324 713 paraeletus
1341 633 1449 698 venire
1469 638 1602 717 poterat,

295 731 356 794 nisi
378 751 471 812 super
492 729 654 812 apostolos
684 734 717 793 at
745 750 839 812 super
863 731 991 794 beatum
1013 728 1155 794 Paulum.
1192 736 1253 794 Vas
1273 736 1355 796 euim
1375 738 1533 812 strationis,
1554 736 1637 801 int

296 832 373 914 quit,
395 835 473 894 miti
493 840 542 907 ast,
563 840 599 893 ut
612 839 710 910 portat
723 851 832 893 nomeu
852 852 955 893 meum
975 835 1011 894 tu
1023 841 1177 911 oonspmtu
1190 854 1294 912 renum
1308 842 1335 895 et
1352 838 1497 914 seatium.
1530 833 1602 919 lpse

296 952 423 1015 quoque
444 931 478 994 in
498 931 601 1013 prima
623 929 758 1011 epistula
772 951 829 993 sua
843 930 950 1012 posuit
970 930 1091 995 disens:
1111 933 1281 996 Secundum
1300 938 1430 1013 qratiam
1444 956 1521 1015 quoe
1533 939 1603 999 daur

262 1034 278 1087 5
295 1041 337 1094 ast
357 1035 435 1094 mitri
455 1053 475 1093 a
496 1035 555 1107 deo,
576 1039 612 1093 ut
631 1034 691 1093 stru
711 1032 850 1093 minister
868 1033 980 1095 Otrtstt
999 1034 1034 1094 tu
1053 1035 1199 1110 uentibus,
1220 1054 1396 1097 musoarous
1412 1039 1602 1115 euauyetium

295 1136 349 1195 dei.
385 1131 539 1195 Veritatem
560 1135 624 1194 diso
645 1134 681 1192 iu
706 1132 835 1205 curura,
856 1150 920 1193 uou
950 1134 1085 1207 mentior,
1117 1137 1321 1196 testimouimu
1341 1137 1420 1197 miti
1433 1137 1603 1214 pertusata
1665 1189 1668 1192 ,

295 1236 474 1294 couscientia
494 1253 561 1295 mea
580 1236 616 1293 ia
636 1233 746 1310 spiritu
768 1239 877 1293 sauata.
920 1227 962 1292 Et
982 1251 1108 1295 rursum
1129 1231 1186 1296 ait:
1207 1236 1278 1296 Nou
1303 1237 1384 1297 euim
1405 1238 1499 1298 audeo
1521 1240 1639 1315 quus

294 1353 388 1412 ossum
408 1334 490 1411 toque¹
510 1352 627 1404 eorum,
648 1351 723 1411 quoe
742 1352 800 1410 per
822 1351 870 1392 me
894 1350 958 1393 aou
978 1333 1070 1409 efficit
1092 1334 1230 1395 Christus
1250 1337 1334 1396 uerbo
1355 1345 1382 1397 st
1400 1338 1495 1412 sactis.
1538 1338 1602 1415 1290

294 1437 376 1495 suun
406 1452 475 1493 aum
504 1433 691 1493 novissimus
720 1434 859 1492 omuimu
884 1435 1099 1510 apostotorum,
1121 1435 1176 1511 qui
1195 1455 1258 1496 uon
1280 1457 1351 1497 sum
1372 1438 1484 1514 dtyuus
1503 1440 1604 1498 uoueri

245 1541 278 1595 10
294 1534 454 1612 apostotus.
500 1533 606 1594 (trouu
626 1539 724 1592 autam
745 1533 792 1592 dai
812 1552 881 1592 sum
902 1533 935 1592 tu
955 1534 1035 1610 quod
1055 1553 1132 1595 soum.
1167 1529 1211 1595 Et
1225 1553 1279 1596 eos
1295 1533 1351 1615 qui
1372 1538 1641 1615 esperimautumtt

296 1635 473 1713 quaerebant
493 1635 558 1694 atus
579 1634 634 1711 qut
654 1634 689 1692 iu
711 1652 743 1693 m
765 1632 935 1710 loquebatur
953 1634 1095 1694 Otr-rietus
1116 1629 1185 1694 vult
1199 1653 1256 1714 pro
1272 1636 1357 1696 serto
1379 1633 1505 1712 habere,
1528 1634 1603 1717 quia

296 1736 379 1797 asset
399 1732 433 1795 in
453 1731 523 1813 ipso
544 1728 730 1812 paraeletus,
751 1730 840 1793 ouius
862 1729 1001 1793 muneris
1022 1730 1157 1813 gratiam
1180 1736 1367 1796 consecutus
1387 1738 1419 1796 et
1432 1734 1602 1818 magnifico

295 1833 413 1898 honore
437 1831 553 1895 ditatus
575 1830 633 1893 ait:
659 1835 721 1893 Pro
742 1852 800 1910 quo
832 1839 873 1891 ur
893 1833 1051 1892 domiuum
1071 1834 1185 1911 roqueri,
1216 1842 1252 1895 ut
1278 1836 1433 1897 diseederet
1451 1858 1471 1897 a
1491 1854 1557 1908 ma·
1578 1844 1605 1898 at

295 1937 372 1997 utut
384 1936 477 1996 miti:
494 1934 617 2011 Susfioit
631 1933 683 1993 uu
695 1934 794 2009 qrats'a
807 1951 881 2005 uua,
902 1951 976 1992 uam
989 1933 1086 1993 uirtus
1100 1934 1135 1993 iu
1148 1933 1325 2010 infirmitate
1333 1937 1499 2014 perficitur.
1521 1932 1602 1999 Rur—
1622 1949 1661 2004 10

245 2042 278 2093 15
296 2055 374 2109 sum,
397 2032 473 2115 quia
493 2053 566 2096 vere
587 2030 655 2113 ipse
671 2031 714 2094 sit
733 2028 911 2112 paraeletus
931 2029 986 2112 qui
1008 2032 1075 2093 orat
1095 2029 1129 2092 in
1144 2026 1253 2107 Paulo,
1275 2030 1321 2094 ait
1335 2033 1481 2098 dominus
1495 2038 1604 2100 noster

295 2130 383 2197 Iesus
405 2130 548 2197 Christus
570 2131 604 2195 in
626 2128 803 2213 euangelio:
827 2133 864 2194 Si
884 2132 1009 2208 ditiyitr's
1029 2152 1085 2201 suo,
1105 2133 1248 2192 mandata
1267 2153 1335 2194 mea
1355 2143 1471 2197 seruate.
1497 2139 1539 2200 Et
1551 2158 1602 2214 eoo

295 2237 412 2311 rosato
427 2241 545 2312 putrem
573 2253 688 2307 meum,
714 2240 741 2293 at
770 2234 865 2293 utun
887 2235 1070 2309 paractetum
1090 2233 1171 2292 dabit
1189 2233 1279 2293 uotis
1320 2228 1357 2294 In
1380 2253 1443 2316 quo
1465 2235 1605 2297 ostendit

296 2333 392 2396 etiam
414 2353 447 2395 sa
461 2332 566 2412 ipsum
588 2352 655 2394 esse
676 2329 878 2412 paracletum,
900 2350 972 2392 oum
991 2328 1068 2392 dicit
1083 2327 1189 2393 elium.
1218 2327 1311 2394 Unde
1326 2334 1487 2396 eradentes
1503 2330 1603 2396 Paulo
1623 2346 1659 2400 ll

296 2431 474 2495 audivimus
497 2451 568 2493 eum
588 2428 756 2493 dicentem:
778 2435 842 2493 Aut
860 2432 1093 2510 mpmmeutum
1113 2433 1257 2509 quaeritis
1277 2434 1342 2493 aius
1363 2435 1419 2512 qui
1437 2436 1473 2494 in
1492 2453 1540 2495 mo
1560 2436 1603 2494 to-

245 2535 279 2589 20
296 2536 401 2612 quitur
426 2534 590 2594 Christus?
613 2533 645 2593 et
666 2529 780 2594 horum
802 2528 927 2608 similia,
949 2531 987 2593 de
1010 2528 1125 2611 quibus
1139 2527 1282 2610 superius
1298 2529 1448 2607 diximus
1469 2533 1603 2595 undeet

295 2635 458 2714 tamquam
480 2627 627 2693 fidelibus
649 2629 741 2693 nobis
762 2627 929 2693 heredibus
951 2628 1016 2692 suis
1042 2628 1209 2711 consignat
1234 2632 1458 2693 testamentum
1484 2652 1541 2695 sua
1562 2633 1602 2694 ad

296 2728 476 2794 Corinthios
491 2728 626 2812 epistula
647 2728 734 2793 velut
747 2732 845 2811 pater,
868 2728 988 2793 dicens:
1010 2732 1131 2792 nauus·
1147 2733 1227 2792 euim
1241 2732 1324 2793 vobis
1337 2734 1373 2793 iu
1389 2734 1509 2810 primes,
1524 2735 1604 2812 quod
1622 2738 1660 2793 12

295 2840 323 2893 et
340 2834 445 2911 amept,
467 2834 539 2911 quio
564 2834 706 2895 Christus
726 2839 867 2894 mortuus
887 2839 930 2892 est
944 2851 1002 2909 pro
1018 2833 1147 2910 peaeatts
1166 2833 1279 2892 uostris
1300 2833 1462 2894 seeundum
1477 2835 1602 2911 sotu'ptu-

295 2952 346 2993 rus
368 2938 394 2993 et
414 2934 487 3010 quia
507 2933 641 3010 sepultus
661 2939 704 2993 est
724 2940 751 2993 at
767 2934 840 3010 quta
859 2934 1023 2993 resurresu't
1044 2932 1128 2993 tertia
1149 2932 1195 2990 die
1215 2933 1378 2992 seeundum
1398 2933 1564 3010 scrutaturos
1577 2942 1604 2994 et

244 3039 278 3092 25
296 3034 368 3110 quta
388 3033 527 3109 adparuit
553 3033 672 3109 Geptuze,
695 3033 797 3093 danda
817 3034 953 3093 uudeou'm
975 3031 1126 3109 apostolis,
1143 3037 1247 3108 postea
1260 3034 1394 3109 amptius
1406 3051 1500 3111 quam
1514 3036 1602 3112 qutu-

293 3133 391 3209 9autis
418 3131 565 3210 fratribus
585 3133 740 3207 desemel,
763 3133 929 3210 exquibus
954 3132 1085 3209 plurumi
1115 3132 1210 3191 adhue
1239 3139 1362 3193 uruneut
1389 3153 1480 3212 usque
1503 3154 1602 3207 nunu·

295 3233 420 3310 quidam
441 3239 541 3293 autom
562 3239 589 3292 et
608 3233 800 3293 dormierunt.
836 3234 943 3293 Postea
964 3238 1063 3292 autem
1082 3232 1168 3291 visus
1182 3238 1225 3293 est
1245 3233 1356 3308 Iacobo,
1377 3233 1481 3294 demde
1502 3236 1601 3294 omui·

295 3334 350 3392 tus
379 3333 537 3411 apostotis5
563 3334 720 3394 novissime
751 3339 850 3393 autem
879 3333 1018 3393 omnium
1054 3337 1206 3409 tamquam
1228 3333 1358 3393 abortivo
1387 3334 1474 3392 visus
1503 3340 1545 3393 est
1576 3341 1603 3393 at

293 3433 385 3507 mitt,
416 3452 466 3510 eqo
488 3434 568 3492 euim
589 3453 659 3492 sum
679 3434 865 3493 novissemus
886 3433 1025 3493 omnium
1045 3434 1256 3509 apostotorum.
1292 3433 1361 3495 Siue
1381 3451 1448 3510 erqo
1471 3452 1521 3509 ayo
1543 3434 1604 3492 siva

243 3535 278 3588 30
294 3533 341 3593 itti
369 3536 412 3593 tta
442 3534 701 3593 oduuutsuotmus.
742 3527 785 3592 Et
814 3550 940 3593 rursum
969 3530 1096 3592 tradens
1124 3529 1292 3594 heredibus
1318 3552 1387 3594 eam
1418 3550 1514 3611 quam
1535 3528 1603 3611 ipse
1623 3538 1661 3593 13

294 3629 499 3693 hereditatem
519 3630 695 3713 promeruit
717 3629 806 3693 dicit:
836 3633 936 3692 ttmeo
958 3637 1058 3694 autem
1079 3651 1116 3691 ue
1136 3633 1219 3708 sorte,
1246 3632 1323 3692 siout
1346 3651 1467 3707 suptus
1487 3632 1605 3692 seduxit

295 3734 392 3792 Eoum
413 3733 525 3792 astutia
546 3752 612 3808 sua,
634 3733 677 3792 ita
697 3738 928 3809 corrumpuntur
949 3751 1056 3791 seusus
1070 3732 1159 3791 vestri
1179 3750 1198 3790 a
1219 3731 1405 3808 simplioittte
1426 3738 1453 3791 at
1473 3732 1604 3791 castitate

380 3925 1263 3995 2Αο1.9,]5-4Βῡω.15,15.16-6111111-
1292 3925 1601 3989 tRom.1n,18-8

293 4013 388 4068 IKor.
408 4017 448 4078 15,
466 4013 490 4068 9.
509 4014 583 4068 10-
603 4013 641 4067 1⁰
659 4012 685 4066 ΙΙ
703 4013 768 4066 Kor.
781 4010 944 4077 lus-13
963 4011 989 4063 11
1007 4012 1071 4066 Kor.
1090 4011 1131 4075 12,
1149 4012 1173 4064 8.
1191 4011 1208 4065 9
1225 4041 1258 4049 -
1279 4012 1316 4065 16
1334 4010 1395 4065 Joh.
1414 4013 1505 4078 1115.
1519 4012 1552 4066 16
1569 4039 1603 4051 -

295 4094 1121 4163 1911101113-2111101.15,3-9-29Η(οι.
1141 4096 1330 4160 lun—81
1350 4096 1458 4150 IIKor.
1478 4098 1603 4163 lus-o

381 4249 436 4303 OM

378 4400 520 4470 tragum]
540 4415 654 4469 reguum
676 4399 700 4454 0
728 4403 732 4468 Ι
766 4398 922 4469 tapistula
939 4415 989 4451 sua
1005 4417 1040 4447 ω
1058 4398 1092 4452 M
1112 4397 1117 4466 1
1141 4397 1207 4452 sin
1225 4397 1336 4467 christo]
1355 4396 1600 4452 uuuiattauas.

297 4486 320 4540 0
349 4487 353 4554 1
385 4483 604 4555 perhibentesO
633 4485 637 4552 1
671 4484 708 4540 ll
727 4485 769 4552 eo]
789 4501 818 4539 se
836 4484 869 4538 M
898 4486 902 4551 Ι
936 4484 974 4538 lt
993 4484 1106 4551 honore]
1126 4484 1179 4537 hoo
1196 4499 1243 4538 ora
1262 4482 1310 4551 01
1339 4480 1465 4537 dominus
1486 4481 1533 4549 01
1561 4480 1600 4537 18

292 4586 350 4625 esse
368 4579 401 4629 <
422 4569 471 4637 01
504 4570 541 4623 lu
560 4568 686 4623 audimus
704 4569 738 4622 M
758 4571 763 4638 Ι
794 4570 851 4637 aut]
872 4587 907 4623 an
924 4569 959 4624 M
987 4569 991 4632 1
1024 4567 1156 4637 quaeritis
1173 4568 1231 4623 eius
1248 4586 1284 4617 ω
1301 4567 1335 4622 Μ
1354 4568 1358 4635 Ι
1383 4567 1421 4622 22
1440 4565 1599 4634 corinthios]

293 4671 362 4709 osu
380 4654 414 4708 oh
432 4670 501 4708 corr.
522 4652 559 4706 0³
591 4654 596 4721 1
628 4652 778 4709 assesso
801 4656 804 4723 1
832 4650 1044 4724 utplurimiso
1065 4655 1069 4721 1
1094 4653 1131 4707 21
1146 4654 1238 4707 autem
1252 4653 1333 4720 (nuo
1345 4652 1461 4723 postem]
1474 4650 1604 4705 etiamM
