3768 5566
683 535 754 587 Auta
771 534 900 589 Archelai
918 531 1127 587 XXII-XXIV.
1514 538 1554 601 35

242 706 329 789 quod
350 723 521 769 consonare
542 703 576 766 in
599 702 819 768 coniunctione
841 723 905 767 non
925 703 1027 786 possit
1053 723 1132 784 opus
1163 699 1268 777 unius,
1298 703 1326 767 si
1355 702 1554 785 propositum

243 803 373 869 artifiois
409 826 428 866 a
462 823 496 866 se
531 802 711 867 dissentiret
739 800 877 866 alterius.
928 802 1019 878 Quod
1049 803 1077 865 si
1107 801 1230 864 dicatur
1264 821 1362 864 unum
1397 800 1590 884 explicares

243 908 412 986 utrumque
438 901 567 966 minime
594 899 742 979 valuisse,
773 901 988 966 infirmitatem
1019 899 1157 966 ostendit
1186 899 1329 977 artifieis3
1360 902 1435 983 quia
1465 905 1497 965 et
1526 902 1555 966 si

243 1004 328 1068 dieat
349 1003 420 1085 quis
442 1002 580 1065 animam
604 1002 679 1066 boni
700 1002 751 1066 dei
773 1022 853 1080 esse,
880 1003 1018 1067 otiosum
1040 1022 1119 1084 opus
1141 1001 1301 1064 invenitur
1322 1000 1471 1079 hominis,
1493 1001 1554 1066 nisi

208 1104 338 1168 aetiam
359 1123 474 1185 eorpus
496 1102 660 1184 acceperit.
702 1100 795 1178 Quod
821 1101 848 1165 si
874 1122 998 1166 rursum
1025 1121 1139 1182 eorpus
1166 1099 1241 1164 meli
1267 1100 1318 1165 dei
1344 1101 1466 1164 dicetur
1487 1123 1555 1166 esse

163 1254 168 1263 .
242 1203 439 1287 figmentum,
469 1202 606 1266 otiosum
636 1198 841 1265 nihilominus
863 1200 934 1279 erit,
965 1201 992 1264 si
1022 1200 1160 1264 animam
1186 1221 1251 1263 non
1272 1200 1442 1283 acceperim
1473 1223 1554 1284 quae

242 1304 354 1385 utique
375 1302 437 1365 nisi
459 1298 632 1366 commixta
659 1304 755 1382 atque
781 1300 842 1364 sibi
871 1301 1007 1364 invicem
1037 1298 1134 1363 fuerit
1163 1300 1281 1363 inserta
1311 1319 1384 1363 oum
1414 1321 1554 1383 corpore,

242 1404 338 1466 homo
360 1421 419 1465 neo
440 1400 500 1465 erit
521 1420 578 1464 neo
600 1400 731 1464 dicetur.
774 1398 867 1465 Unde
882 1399 991 1464 multis
1013 1397 1165 1481 exemplis
1180 1398 1365 1481 adprobavit
1379 1399 1554 1464 Archelaus

242 1502 341 1567 totius
363 1501 500 1565 hominis
522 1520 621 1564 unum
642 1503 738 1582 atque
760 1502 895 1564 eundem
920 1521 988 1563 esse
1015 1498 1175 1563 faetorem.
1218 1500 1423 1564 Asusamus
1444 1519 1554 1566 mxrr:
1572 1511 1591 1566 0

192 1611 227 1665 10
243 1600 331 1665 Seite
356 1605 388 1664 te
413 1621 478 1665 non
508 1598 633 1676 dubito,
662 1600 784 1679 Manes,
815 1600 887 1677 hoo,
919 1600 1005 1682 quod
1035 1597 1214 1682 generantis
1236 1602 1291 1661 aut
1312 1600 1447 1664 orsentis
1469 1599 1554 1663 filius

243 1701 359 1765 dieitur
373 1698 427 1764 ille
443 1699 498 1781 qui
513 1702 605 1763 natus
621 1703 668 1763 est
682 1697 771 1781 <aut>
793 1702 931 1775 ereatus3
953 1701 1039 1782 quod
1054 1698 1081 1762 si
1096 1695 1254 1778 malignus
1272 1696 1432 1762 hominem
1454 1697 1554 1776 finxit,

243 1804 332 1883 pater
353 1800 421 1863 eius
443 1820 510 1863 esse
532 1799 625 1862 debet
645 1799 817 1862 seeundum
839 1801 992 1862 naturam.
1027 1795 1069 1860 Et
1091 1798 1142 1861 eui
1164 1814 1239 1879 ergo
1262 1795 1387 1861 dicebat
1408 1799 1555 1863 dominus

243 1900 343 1975 lesus,
365 1901 481 1964 doeens
504 1919 592 1962 orare
614 1898 771 1962 homines:
800 1900 851 1961 Sin
871 1901 956 1961 dibile
976 1919 1046 1961 eum
1067 1901 1173 1974 oratis,
1198 1901 1287 1960 Pater
1312 1911 1423 1975 noster,
1450 1903 1504 1979 qui
1524 1922 1555 1961 ns

242 2005 278 2063 in
298 2003 409 2063 codis?
445 1996 488 2061 Et
508 1996 634 2061 iterum:
661 2000 748 2061 Orata
766 2008 1045 2076 potissimarum,
1067 1999 1239 2076 quiretis
1260 2000 1392 2059 omullo?
1428 1996 1477 2061 De
1499 1995 1554 2060 Sa·
1572 2000 1592 2057 4

193 2110 225 2161 15
243 2104 318 2163 tans
338 2101 444 2162 autem
465 2097 547 2161 dixit
568 2097 683 2161 vidisse
709 2117 742 2160 se
764 2118 848 2174 eum,
874 2102 951 2159 aaut
974 2100 1084 2177 fulqur
1109 2100 1257 2158 eododem
1277 2099 1312 2159 de
1331 2101 1420 2171 malm
1447 2097 1494 2160 uti
1515 2117 1554 2158 ne

244 2200 412 2283 quisquam
442 2198 557 2260 audeat
581 2197 685 2261 dicere
716 2197 802 2278 quod
832 2195 935 2278 ipsum
966 2216 1022 2259 nos
1050 2194 1185 2259 docebat
1214 2215 1316 2272 orare;
1347 2195 1554 2276 nequeenim

244 2299 447 2363 descenderat
467 2294 563 2373 Iesus,
584 2299 621 2358 ut
641 2295 785 2358 homines
808 2297 1014 2379 coniungeret
1034 2298 1066 2358 et
1080 2293 1297 2359 reconciliaret
1312 2291 1455 2373 Satanae,
1477 2293 1554 2378 quin

243 2398 351 2482 potius
381 2397 606 2462 conterendum
636 2416 708 2458 eum
738 2396 796 2459 sub
826 2394 960 2477 pedibus
991 2393 1133 2460 fidelium
1159 2415 1289 2459 suorum
1310 2394 1450 2461 tradidit.
1493 2392 1591 2458 Sede

244 2516 304 2581 ego
325 2497 389 2561 iam
414 2495 571 2559 beatiores
592 2495 671 2559 istos
694 2495 796 2557 dicam
823 2515 890 2557 esse
917 2494 1051 2577 gentiles
1073 2494 1128 2577 qui
1153 2493 1271 2559 multos
1302 2495 1430 2577 quidem
1455 2494 1555 2558 intro·

77 2609 79 2613 ’
192 2606 227 2660 20
245 2600 364 2661 ducunt
385 2598 472 2673 deos,
503 2594 669 2658 unanimos
699 2597 804 2657 tamen
831 2598 926 2676 atque
952 2594 1070 2658 amieos
1097 2613 1150 2657 eos
1177 2592 1380 2674 oonfitentur3
1407 2592 1554 2657 hisvero

245 2699 324 2763 duos
353 2695 568 2771 introducens,
600 2694 784 2757 inimicitias
814 2695 898 2758 inter
927 2715 980 2758 eos
1011 2694 1251 2775 discordemque
1281 2693 1469 2756 sententiam
1490 2716 1554 2757 non

244 2796 401 2861 erubescit
421 2796 590 2858 adstruere.
626 2791 717 2868 Quod
739 2794 767 2857 si
788 2792 905 2857 multos
927 2794 985 2857 sub
1007 2793 1226 2856 huiuscemodi
1247 2792 1434 2857 condicione
1455 2792 1554 2857 intro·

244 2897 372 2961 duceret
393 2896 481 2972 deos,
503 2891 614 2957 ludum
635 2892 699 2956 iam
720 2890 944 2976 gladiatorium
965 2893 1048 2956 inter
1069 2912 1122 2955 eos
1144 2895 1209 2955 arat
1230 2892 1350 2965 videre,
1371 2891 1554 2955 innumeras

244 2996 392 3059 habentes
414 2997 542 3057 naturas
564 2993 763 3075 diversusque
785 2991 965 3055 sententias.

190 3106 226 3161 25
325 3091 430 3158 XXIV
452 3091 559 3173 (XXI).
594 3091 661 3156 lam
691 3114 765 3157 vero
796 3095 834 3156 de
859 3090 1003 3155 interiori
1029 3096 1124 3175 atque
1149 3089 1297 3155 exteriori
1323 3090 1450 3154 homine
1476 3091 1553 3173 quid

244 3216 294 3257 me
316 3214 442 3258 neeesse
463 3196 511 3256 est
532 3193 644 3268 dicere,
666 3213 737 3256 eum
759 3191 924 3256 salvatoris
946 3213 1022 3257 vona
1043 3192 1166 3255 dicatur
1184 3192 1225 3253 ad
1244 3212 1297 3255 sos
1320 3190 1376 3273 qui
1397 3190 1552 3253 camelum

244 3293 384 3377 glutiunt
409 3296 441 3356 et
462 3291 579 3356 deforis
605 3292 790 3374 hypocritae
820 3295 905 3369 sunt,
935 3290 1161 3354 blandimentis
1192 3294 1286 3372 atque
1316 3287 1553 3353 adulationibus

243 3391 441 3469 circumdata
471 3391 511 3455 ad
532 3393 617 3475 quod
639 3389 726 3456 Iesus
749 3392 806 3457 ait:
834 3394 891 3455 Vos
911 3395 994 3453 nobis
1015 3394 1125 3453 saitae
1145 3399 1172 3452 at
1193 3392 1351 3453 Pharisaei
1375 3376 1589 3469 hypoerimqt

243 3516 335 3575 quare
364 3496 443 3574 quod
472 3495 583 3571 deforis
609 3502 651 3555 esi
670 3495 765 3555 catini
789 3501 817 3555 et
835 3495 935 3554 caliois
956 3494 1079 3567 Iobatis,¹
1107 3493 1186 3570 quod
1206 3497 1307 3552 autem
1327 3492 1413 3551 intus
1433 3498 1478 3552 est
1504 3492 1553 3551 in·

190 3604 226 3658 30
242 3597 393 3657 munditia
409 3597 535 3672 plenum
555 3597 619 3655 eei?
654 3594 717 3654 Aut
746 3595 867 3654 ascita
895 3594 968 3670 quio
989 3593 1045 3669 qui
1063 3593 1132 3668 feeit
1153 3592 1233 3669 quod
1252 3592 1331 3667 foris
1351 3597 1394 3650 est
1418 3597 1445 3651 et
1474 3591 1554 3668 qood

243 3696 382 3756 deintra
403 3702 447 3755 est
464 3695 556 3770 feeit?
591 3688 757 3773 Numquid
788 3692 826 3753 de
848 3690 953 3753 catino
976 3692 1008 3751 ot
1027 3688 1066 3750 de
1088 3685 1185 3751 salios
1206 3686 1415 3771 loquebatur?
1451 3684 1552 3751 Num-

244 3792 322 3874 quid
341 3791 502 3854 vitriarius
524 3794 598 3866 erat,
621 3790 676 3872 qui
698 3789 777 3854 haee
796 3788 930 3864 dicebat,
952 3792 1007 3851 aut
1021 3785 1147 3870 figulus,
1170 3809 1209 3850 ex
1228 3786 1297 3853 luto
1312 3786 1436 3869 fingens
1458 3790 1553 3851 vasa?

244 3887 359 3955 Nonne
388 3889 426 3953 de
462 3909 593 3971 corpore
628 3892 723 3972 atque
753 3889 858 3952 anima
885 3887 1117 3952 evidentissime
1147 3886 1355 3968 loquebatur?
1396 3884 1590 3960 Quoniamd

332 4055 369 4108 18
387 4052 486 4107 Matth.
504 4054 529 4115 6,
547 4054 571 4108 9.
607 4053 675 4106 huk.
695 4052 769 4119 11,2
797 4084 830 4093 -
857 4053 896 4107 14
920 4052 1021 4106 Matth.
1038 4050 1098 4115 6,0
1124 4081 1157 4089 -
1185 4050 1224 4106 lb
1247 4049 1427 4116 Luk.10,18
1452 4078 1485 4086 —
1513 4048 1552 4103 26

244 4137 344 4192 Matth.
362 4138 404 4204 23,
422 4138 456 4191 24
473 4167 506 4175 —
525 4138 564 4193 28
582 4136 681 4191 Matth.
699 4137 741 4202 23,
760 4137 816 4192 25f.
844 4137 911 4190 huk.
931 4139 972 4203 11,
989 4135 1046 4191 391.

333 4272 386 4327 CM

329 4391 368 4445 10
386 4391 510 4445 muneM
530 4393 534 4457 Ι
552 4389 670 4446 llnaelr
687 4388 988 4456 sst†autHarroaolrl
1006 4389 1044 4444 18
1063 4386 1141 4441 ato
1160 4388 1165 4454 Ι
1196 4387 1233 4442 14
1252 4385 1371 4456 occulto]
1390 4384 1552 4440 abscondito

244 4474 277 4528 M
306 4476 310 4542 Ι
342 4477 460 4530 satanan
476 4479 522 4542 (au
539 4477 639 4529 satana
655 4491 724 4528 corr.
743 4473 800 4542 Mn)
823 4473 878 4528 OM
908 4476 912 4541 Ι
948 4471 1139 4539 libamina]
1164 4488 1217 4525 aus
1234 4469 1375 4526 hominem
1401 4468 1468 4524 otoo
1485 4470 1552 4525 Ros.

242 4576 313 4613 corr.
335 4559 373 4614 0²
405 4561 409 4627 Ι
444 4559 481 4614 10
508 4576 567 4614 esee
584 4569 617 4619 <
635 4558 669 4612 M
697 4560 702 4626 Ι
735 4559 776 4613 20
793 4556 936 4612 unanimes
954 4557 988 4611 M
1016 4559 1020 4624 Ι
1053 4558 1091 4612 al
1119 4554 1340 4612 inhodueentO
1369 4556 1373 4621 Ι
1405 4554 1553 4609 astantiam

247 4644 270 4698 C
299 4646 303 4712 Ι
336 4643 374 4699 27
395 4643 594 4700 adulationiO
622 4644 627 4709 Ι
660 4644 700 4700 28
717 4643 789 4697 iesus
816 4651 850 4703 <
875 4642 910 4695 M
937 4645 942 4711 Ι
974 4641 1015 4697 00
1033 4644 1075 4695 est
1092 4639 1173 4708 (noct
1192 4638 1278 4709 furiet]
1302 4638 1452 4706 iterumad.
1471 4638 1518 4693 M²
1547 4640 1551 4709 Ι

243 4728 283 4783 82
307 4727 416 4798 figulus]
435 4727 465 4798 ig
481 4745 513 4783 w.
530 4746 551 4781 e.
569 4726 624 4781 aab.
643 4744 712 4781 eorr.
734 4727 772 4781 0²

1263 4814 1267 4819 .
1305 4808 1342 4864 3*
