3726 5568
646 540 718 593 Aeta
733 538 865 595 Archelai
882 537 1110 594 LXIV—LXVII.
1491 546 1530 608 95

222 702 402 769 Turbonem
425 705 464 769 ad
484 705 673 772 Marcellum
694 712 838 773 nostrum
858 710 956 789 misit,
976 710 1011 773 in
1033 730 1097 792 qna
1117 729 1151 771 se
1172 705 1364 790 significavit
1377 729 1444 771 esse
1458 729 1533 770 ven-

222 809 338 870 turum.
381 804 538 881 Quocum
561 810 705 885 venisset,
727 808 789 873 fuit
809 810 902 874 nobis
924 813 1083 874 certamen
1104 806 1168 871 tale
1183 805 1276 890 quale
1292 808 1390 871 ethic
1408 807 1532 871 vidistis

222 909 254 970 et
283 905 423 984 audistis,
453 906 487 969 in
509 928 572 989 qno
602 912 698 991 prout
718 910 880 991 potuimus
909 909 1104 974 ostendimus
1127 929 1198 970 eum
1224 906 1531 990 pseudoprophetam

222 1026 289 1070 esse
310 1005 487 1071 manifeste.
529 1004 592 1071 Sed
614 1011 720 1072 custos
742 1009 871 1091 quidem
888 1010 1021 1074 carceris
1045 1008 1100 1092 qui
1123 1029 1195 1071 eum
1219 1006 1382 1070 dimiserat
1402 1007 1568 1090 punituse

187 1112 204 1166 5
223 1109 281 1184 est;
303 1128 357 1170 rex
379 1127 454 1170 vero
477 1129 549 1172 enm
570 1108 688 1191 requiri
709 1108 802 1172 iussit
823 1114 854 1172 et
874 1109 909 1173 in
924 1109 1175 1193 quibuscumque
1190 1105 1269 1172 loeis
1284 1111 1443 1190 repertum
1458 1127 1531 1171 con·

220 1206 380 1287 prehendi.
423 1204 512 1271 Haec
533 1228 605 1272 cnm
628 1225 687 1291 ego
710 1209 937 1291 cognovissem,
953 1208 1164 1273 necessarium
1186 1206 1248 1271 fuit
1266 1228 1317 1270 me
1333 1206 1427 1270 etiam
1442 1206 1532 1271 vobis

221 1304 360 1369 indicare
384 1307 459 1389 quia
480 1307 654 1389 requiritur
673 1307 768 1371 istea
789 1326 863 1390 rege
878 1307 1046 1373 Persarum
1066 1329 1166 1391 nsque
1189 1307 1222 1371 in
1236 1305 1423 1371 hodiernum
1439 1306 1532 1370 diem.

303 1404 407 1470 LXVI
429 1403 518 1488 (LV).
561 1404 621 1470 His
652 1407 782 1486 auditis,
812 1407 924 1471 turbae
955 1406 1104 1472 volebant
1130 1406 1247 1470 Manen
1281 1403 1532 1488 conprehensum

221 1507 345 1570 tradere
374 1506 523 1588 potestati
550 1505 731 1580 barbarum,
762 1508 818 1591 qui
845 1512 934 1571 erant
955 1508 1052 1571 vicini
1078 1506 1162 1570 ultra
1192 1503 1361 1588 Strangam
1391 1502 1532 1582 fluvium,

170 1615 204 1667 10
222 1605 371 1689 quoniam
403 1610 435 1668 et
465 1611 537 1671 ante
567 1610 692 1690 tempus
717 1611 868 1671 venerant
895 1607 1024 1691 quidam
1051 1608 1091 1670 ad
1116 1605 1340 1688 requirendum
1361 1624 1446 1682 eum,
1468 1625 1531 1687 quo

221 1726 378 1788 nusquam
400 1709 523 1787 reperto
547 1707 767 1784 discesserant;
790 1706 964 1771 eratenim
986 1712 1063 1770 tunc
1083 1707 1117 1769 in
1131 1704 1208 1788 tuga
1223 1704 1422 1767 constitutus.
1452 1700 1531 1767 Cum
1550 1708 1568 1761 2

222 1823 298 1887 ergo
319 1806 397 1870 haec
418 1805 464 1868 ita
485 1805 659 1871 Archelaus
681 1807 880 1890 prodidisset,
903 1804 1052 1869 continuo
1075 1827 1108 1868 se
1129 1805 1164 1868 in
1185 1803 1296 1887 fugam
1317 1804 1404 1868 dedit
1422 1802 1531 1866 Manes

222 1909 253 1968 et
275 1906 406 1969 evadere
426 1905 539 1987 potnit,
562 1907 637 1969 dum
658 1928 751 1970 nemo
780 1928 853 1970 eum
872 1906 1102 1989 insequeretur,
1130 1926 1201 1968 cum
1222 1902 1359 1986 populus
1382 1900 1530 1966 Archelai

221 2025 316 2087 quem
338 2003 473 2069 libenter
494 2006 664 2070 audiebant
684 2005 836 2071 relatione
857 2010 1024 2084 tenerehrr,
1047 2004 1178 2088 quidam
1198 2007 1304 2067 tamen
1319 2002 1428 2066 crebre
1449 2001 1530 2064 inse-

170 2114 204 2166 15
222 2104 287 2169 cnti
318 2110 393 2169 sunt
422 2108 496 2187 post
525 2126 606 2169 eum.
649 2104 712 2170 Sed
744 2106 799 2170 ille
825 2106 893 2170 vias
924 2105 1039 2189 quibus
1060 2107 1189 2169 venerat
1219 2105 1364 2185 repetens
1394 2100 1567 2165 transitoll

220 2204 318 2268 fluvio
340 2207 380 2267 ad
401 2203 572 2269 Arabionis
592 2204 756 2269 castellum
789 2205 890 2284 rediit,
920 2204 976 2269 ubi
1005 2213 1116 2287 postea
1136 2203 1381 2286 conprehensus,
1403 2198 1529 2266 oblatus

222 2308 270 2370 est
290 2304 370 2387 regi,
402 2303 520 2387 quique
541 2303 678 2387 plurima
700 2307 849 2370 adversus
880 2327 953 2369 enm
982 2301 1199 2388 indignatione
1231 2306 1421 2381 commotus,
1451 2303 1529 2365 duas

220 2408 337 2468 mortes
363 2404 398 2467 in
424 2424 495 2466 eum
518 2403 677 2467 vindicare
699 2403 841 2486 cupiens,
868 2427 964 2468 unam
986 2403 1059 2481 filii,
1086 2401 1217 2466 alarum
1239 2401 1416 2475 carcerarii,
1438 2400 1530 2466 iussit

222 2525 293 2567 eum
315 2506 387 2567 ante
408 2508 516 2586 portas
542 2502 678 2567 civitatis
701 2503 895 2569 excoriatum
925 2503 1075 2586 suspendi
1102 2507 1133 2566 et
1158 2499 1274 2585 pellem
1301 2501 1368 2565 eius
1393 2500 1529 2565 medica·

168 2610 204 2664 20
220 2603 336 2668 mentis
358 2602 507 2666 infectam
527 2601 640 2679 inflari,
662 2624 772 2669 carnes
791 2625 866 2668 vero
881 2602 1063 2669 volucribus
1078 2603 1146 2668 dari
1160 2601 1260 2666 iussit.
1283 2600 1403 2678 Quibus
1417 2605 1529 2684 postea
1547 2599 1566 2653 4

220 2703 346 2787 agnitis,
367 2700 542 2766 Archelaus
564 2701 679 2766 adiecit
693 2726 730 2767 ea
750 2703 848 2786 priori
863 2703 1085 2786 disceptationi
1100 2707 1135 2766 ut
1149 2701 1297 2766 omnibus
1311 2701 1529 2777 innotesceret,

220 2803 303 2868 sicut
324 2821 396 2886 ego,
424 2802 478 2884 qui
508 2802 586 2865 haec
615 2804 739 2885 scripsi,
769 2802 803 2866 in
832 2803 991 2885 prioribus
1018 2802 1157 2885 exposui.
1201 2799 1410 2884 congregatis
1431 2800 1529 2884 igitur

220 2902 368 2968 omnibus
390 2899 575 2966 Christianis
596 2899 673 2966 ferri
693 2903 843 2966 adversus
865 2922 937 2965 eum
959 2902 1148 2966 sententiam
1169 2899 1297 2983 placuit,
1319 2899 1407 2965 velut
1421 2900 1529 2984 epylo·

220 3021 297 3087 gum
316 3002 473 3085 quendam
494 3000 589 3065 morti
609 3001 677 3067 eins
690 3000 939 3065 transmittentes
961 3005 1186 3065 consonantem
1209 2999 1349 3083 reliquae
1363 3000 1447 3064 vitae
1462 3000 1529 3064 eius

169 3111 202 3165 25
220 3101 366 3185 negotiis

303 3198 430 3265 LXVII.
472 3199 606 3263 Addidit
627 3200 721 3264 etiam
743 3200 804 3264 boc
824 3199 1000 3265 Archelaus
1023 3198 1142 3264 dicens:
1159 3197 1228 3262 Viri
1249 3198 1375 3278 fratres,
1396 3222 1435 3262 ne
1458 3198 1529 3282 quis

219 3305 359 3366 vestrum
380 3296 561 3364 incredulus
583 3302 625 3363 sit
645 3300 695 3365 bis
718 3320 799 3382 quae
821 3323 840 3363 a
860 3322 911 3365 me
933 3300 1123 3377 dictasunt,
1149 3299 1183 3361 id
1205 3302 1252 3361 est
1275 3300 1359 3382 quod
1378 3319 1442 3362 non
1461 3296 1529 3379 ipse

220 3400 340 3483 primus
362 3401 472 3463 auctor
485 3397 630 3463 scelerati
643 3398 737 3464 huius
752 3400 909 3483 dogmatis
929 3398 1069 3463 extiterit
1081 3397 1199 3470 Manes,
1220 3399 1275 3461 sed
1296 3401 1420 3461 tantum
1444 3399 1529 3481 quod

219 3521 277 3582 per
298 3498 403 3581 ipsum
425 3497 584 3581 aliquibus
609 3502 711 3563 terrae
736 3499 880 3580 partibus
902 3497 1139 3562 manifestatam
1160 3498 1210 3563 sit
1253 3496 1315 3561 Sed
1335 3518 1400 3562 non
1421 3496 1529 3561 statim

309 3710 389 3767 OMF
403 3711 455 3779 (bis
473 3712 516 3781 20)
537 3712 713 3781 TtAusxttqc
730 3712 771 3766 bis
789 3713 832 3777 20)

306 3880 373 3935 lse
390 3877 558 3949 significarit
574 3880 654 3934 ωθ
688 3881 692 3946 )
725 3879 920 3935 caruaninse
936 3880 965 3933 F
997 3881 1001 3947 Ι
1035 3881 1134 3936 teum
1151 3877 1254 3947 requiri
1271 3877 1419 3948 (requirere
1436 3878 1531 3931 Doceat

220 3967 271 4020 275
287 3963 347 4018 arrd
356 3963 451 4017 Dcuai
467 3963 519 4018 ‘280
535 3980 587 4017 oon
603 3969 689 4018 crater
706 3965 800 4033 Hand)
818 3984 853 4014 ω
870 3965 899 4016 F
919 3966 924 4032 1
947 3964 1141 4035 reppertan
1161 3966 1166 4032 Ι
1196 3965 1214 4017 a
1233 3961 1268 4017 de
1286 3966 1374 4019 morte
1391 3963 1529 4017 manichei

220 4051 282 4119 (rot)
306 4047 341 4102 Μ
369 4049 373 4115 Ι
405 4048 476 4101 noch
494 4049 676 4103 necessarium
695 4057 727 4113 -Ι-
751 4047 820 4103 duxi
836 4048 879 4117 Μ,
899 4048 1181 4116 reciperatae.
1199 4048 1254 4102 ech.
1286 4049 1290 4115 Ι
1324 4046 1527 4117 Beonprehen·

220 4133 291 4203 sum]
309 4147 370 4188 snm
381 4149 408 4186 a.
428 4132 494 4186 Rus.
515 4132 550 4186 Μ
577 4134 582 4200 Ι
615 4133 834 4203 tlpoteetatibus
853 4134 1033 4188 barbarorum
1049 4132 1078 4184 F
1106 4134 1110 4200 Ι
1143 4132 1294 4202 strangam]
1313 4135 1456 4202 strangam
1476 4131 1533 4187 OM

220 4222 340 4288 abacum
357 4215 390 4283 F,
407 4215 457 4284 091.
474 4220 516 4283 41,
535 4218 568 4271 23
594 4220 599 4284 Ι
634 4218 673 4273 lo
689 4217 762 4271 nach
779 4218 892 4287 qnidam
911 4225 943 4282 ψ
961 4216 1104 4272 hominum
1121 4216 1150 4268 F
1178 4217 1183 4283 1
1217 4217 1254 4272 11
1274 4218 1428 4286 reppertum
1449 4217 1527 4272 Ore·

219 4304 329 4374 partum
350 4300 384 4354 Μ
412 4302 417 4368 1
457 4300 640 4356 discesserunt
665 4301 694 4355 F
722 4303 726 4368 Ι
767 4306 846 4356 erant
875 4304 899 4358 O
936 4304 941 4371 Ι
983 4303 1022 4357 lc
1048 4301 1140 4370 nemo]
1163 4318 1199 4355 ne
1225 4300 1253 4354 F
1285 4301 1290 4368 1
1322 4317 1385 4355 cum
1411 4299 1528 4371 populus

220 4385 353 4454 archelai]
376 4384 423 4440 sed
445 4384 562 4455 populns
583 4402 646 4439 cum
664 4384 785 4440 archelai
806 4386 830 4441 0
853 4387 877 4441 is
898 4386 1015 4457 populus
1032 4389 1061 4441 et
1087 4386 1127 4453 (et
1143 4395 1177 4444 <
1194 4385 1289 4438 Donat
1305 4386 1355 4440 275
1381 4401 1429 4438 am
1446 4384 1529 4438 Hand

217 4470 388 4539 pesebm'cbcn
405 4469 498 4522 Douai
514 4470 574 4537 280)
594 4469 714 4525 archelai
732 4472 760 4526 F
796 4471 801 4537 1
841 4473 880 4527 14
903 4470 1035 4525 audiebat
1052 4470 1087 4524 Μ
1115 4472 1120 4536 Ι
1157 4470 1318 4524 tenerentur
1335 4470 1363 4523 F
1395 4470 1399 4537 Ι
1432 4469 1528 4524 crebro

220 4556 249 4610 F
277 4556 282 4622 Ι
316 4555 355 4610 lc
382 4553 418 4607 ad
443 4554 611 4610 rabionisF
638 4558 642 4624 Ι
676 4554 932 4618 lametfilii÷
959 4555 1038 4610 etM
1067 4557 1071 4623 Ι
1105 4557 1143 4611 lt)
1166 4555 1314 4624 portanti)
1346 4556 1350 4622 Ι
1382 4552 1530 4608 ammae

219 4637 396 4695 heresiarcha
413 4639 627 4708 manycheornm
649 4657 744 4695 manes
766 4640 949 4708 excoria<tus>
969 4679 976 4693 .
995 4679 1002 4692 .
1020 4656 1099 4710 suspe
1117 4682 1123 4694 .
1143 4679 1149 4692 .
1171 4639 1209 4694 0²
1240 4639 1245 4706 Ι
1278 4640 1317 4694 22
1336 4638 1404 4692 haec
1422 4637 1527 4707 scripsi]

218 4721 390 4794 inscripsit*
420 4722 425 4789 1
458 4723 497 4777 28
515 4723 635 4792 tantum]
654 4727 761 4779 tentum
783 4724 840 4779 OM
868 4728 872 4793 Ι
905 4726 944 4780 22
958 4723 1006 4778 sed
1022 4724 1125 4777 moabie
1140 4722 1306 4790 Gustasscon
1323 4723 1406 4791 tilpca
