3768 5566
777 501 1105 557 1111111111-111.
1577 511 1596 573 3

286 668 369 734 latos
392 673 423 732 et
445 689 599 752 equorum
620 667 778 734 frontibus
799 669 951 753 inpulsos.
986 669 1030 735 Et
1043 669 1227 752 perduravit
1248 670 1377 753 quidem
1399 670 1426 735 si
1448 671 1499 735 eui
1513 670 1633 737 vireat

286 770 414 834 fuerunt
435 768 602 846 tolerandi,
632 767 761 852 plurimi
791 790 865 833 raro
892 774 964 835 ante
991 792 1047 835 ora
1072 770 1273 835 dominorum
1295 769 1468 834 crudelium
1491 771 1594 835 conei-

287 872 410 947 deutes,
440 868 560 933 animas
587 868 786 948 exhalabant,
816 873 989 953 pendentes
1015 870 1164 935 uberibus
1190 869 1339 954 parrulos
1370 891 1444 935 suos
1470 873 1594 951 matres,

286 968 466 1052 defatigatis
487 989 525 1033 ae
546 968 689 1034 demissis
716 991 810 1035 onere
831 970 981 1049 brachiis,
1003 969 1091 1035 humi
1113 968 1255 1035 decidere
1277 970 1434 1048 sinebant,
1457 970 1595 1055 agitatae

250 1073 267 1126 t
285 1068 519 1152 insequentium
538 1067 645 1145 minis;
667 1068 770 1133 omnis
791 1091 865 1135 vero
887 1069 994 1134 senilis
1016 1074 1102 1135 aetas
1117 1069 1201 1134 victa
1215 1068 1377 1135 laboribus
1397 1091 1434 1134 ac
1455 1068 1595 1135 resoluta

284 1190 341 1251 per
361 1167 498 1232 inediam
521 1169 688 1233 corruebat
707 1168 740 1232 in
761 1173 886 1235 terram.
922 1168 1056 1253 Superbi
1070 1191 1144 1234 vero
1159 1169 1276 1234 milites
1296 1170 1356 1235 hoe
1377 1172 1442 1233 tam
1464 1176 1593 1235 cruento
1614 1179 1629 1233 7

285 1266 520 1332 conlabentium
555 1267 736 1350 spectaculo
767 1273 929 1352 tamquam
958 1268 1120 1352 voluptate
1152 1268 1258 1353 aliqua
1288 1270 1487 1346 fruebantur,
1522 1291 1593 1335 aum

283 1366 363 1433 alios
385 1365 566 1432 deficientes
595 1367 692 1432 sterni
714 1366 783 1434 solo
805 1373 979 1449 cernerent,
1008 1369 1041 1433 in
1067 1369 1138 1434 aliis
1165 1368 1233 1433 sitis
1261 1367 1425 1434 ardoribus
1452 1370 1592 1453 fatigatis

282 1466 479 1531 intuerentur
500 1465 595 1531 etiam
616 1470 703 1534 vocis
724 1472 876 1542 meatum,
906 1473 1065 1534 arescente
1087 1467 1215 1552 linguae
1238 1467 1376 1552 glutino,
1402 1469 1591 1553 praepediri;

232 1574 266 1627 10
283 1567 362 1631 alios
383 1588 457 1632 vero
479 1566 629 1645 viderent,
652 1568 810 1633 conversis
830 1572 904 1651 post
925 1572 1015 1652 terga
1029 1567 1138 1646 oculis,
1161 1567 1371 1651 expirantium
1389 1567 1592 1649 parvulorum

281 1688 411 1731 suorum
436 1665 677 1750 ingemiscentes
704 1667 819 1745 exitiis,
851 1688 922 1731 cum
952 1666 1002 1731 illi
1032 1665 1265 1732 infelicissimas
1290 1670 1406 1731 matres
1433 1667 1591 1751 vagitibus

282 1764 498 1845 inclamarent,
528 1764 602 1831 illae
623 1788 697 1832 vero
723 1770 918 1850 praedonum
943 1765 1167 1833 acerbitatibus
1198 1766 1348 1850 agitatae,
1379 1767 1494 1850 quibus
1515 1768 1591 1834 solis

281 1864 379 1930 libere
412 1867 460 1930 uti
493 1864 622 1943 licebat,
653 1865 823 1949 gemitibus
854 1869 1091 1949 responderent:
1122 1887 1255 1949 quarum
1285 1865 1312 1931 si
1343 1887 1423 1949 quae
1454 1869 1629 1933 tenerius8

280 1964 416 2049 propriis
437 1963 635 2030 indulserunt
655 1965 839 2043 visceribus,
865 1966 1012 2031 interitus
1033 1970 1151 2031 sortem
1172 1970 1284 2047 sponte
1306 1964 1367 2030 sibi
1388 1988 1496 2048 param
1519 1989 1590 2031 cunr

229 2073 262 2126 16
281 2064 356 2129 filiis
377 2068 665 2147 praesumpserunt
684 2064 711 2128 si
733 2087 814 2149 quae
835 2088 909 2131 vero
931 2065 1047 2130 habere
1069 2064 1190 2148 aliquid
1204 2063 1389 2129 tolerantiae
1410 2070 1590 2148 potuerunt,

280 2163 422 2248 captivae
452 2165 515 2229 huc
543 2185 643 2248 usque
672 2168 841 2247 perductae
871 2170 953 2231 sunt.
1003 2163 1121 2230 Triduo
1151 2164 1260 2248 itaque
1290 2168 1413 2239 exacto,
1448 2184 1520 2229 cum
1550 2186 1590 2228 ue

279 2264 426 2329 nectibus
449 2264 576 2347 quidem
603 2264 743 2348 aliquam
768 2265 909 2349 requiem
936 2265 1140 2347 cepissemus,
1171 2266 1211 2328 ad
1240 2263 1345 2328 locum
1372 2264 1456 2329 hunc
1476 2266 1589 2346 perdu-

280 2364 389 2439 cimur,
412 2363 445 2427 in
467 2385 530 2447 quo
552 2368 625 2446 post
646 2365 808 2430 bacciam
830 2365 907 2449 quid
929 2369 1054 2448 gestum
1075 2364 1118 2429 sit
1138 2363 1253 2429 melius
1274 2363 1342 2446 ipse
1364 2367 1400 2428 tu
1421 2364 1513 2429 nosti.

361 2461 416 2527 Ill.
438 2461 498 2528 His
520 2463 635 2527 auditis
656 2463 816 2546 piissimus
839 2463 1007 2529 Marcellus
1028 2464 1202 2548 plurimum
1223 2466 1257 2528 in
1270 2462 1417 2528 lacrimas
1438 2464 1588 2547 profusus

225 2574 261 2627 20
279 2567 334 2640 est,
356 2565 522 2627 miseratus
543 2566 649 2628 tantos
671 2567 703 2627 et
723 2567 790 2628 tam
810 2565 913 2629 varios
936 2585 1039 2638 casus3
1063 2566 1117 2628 sed
1133 2563 1211 2627 nihil
1225 2566 1374 2643 moratus,
1397 2561 1485 2628 cibos
1498 2584 1588 2645 prae·

277 2666 381 2745 parat,
411 2662 552 2745 fatigatis
577 2684 633 2745 per
663 2662 866 2745 semetipsum
896 2662 1071 2728 ministeria
1101 2662 1264 2743 exhibens,
1294 2664 1436 2728 imitatus
1465 2666 1588 2745 patrem

277 2765 420 2825 nostrum
449 2761 610 2826 Abraham
640 2762 862 2845 patriarcham,
899 2762 954 2846 qui
988 2765 1148 2845 quondam
1183 2761 1306 2845 angelis
1336 2785 1356 2825 a
1385 2784 1418 2826 se
1449 2761 1587 2844 hospitio

276 2862 446 2943 susceptis,
476 2882 540 2926 non
561 2861 736 2926 vernaculis
768 2862 923 2945 inperarit
953 2860 1086 2926 vitulum
1118 2861 1239 2927 deferre
1270 2865 1308 2924 de
1339 2860 1503 2945 gregibus3
1533 2865 1587 2925 sed

276 2962 344 3043 ipse
365 2960 471 3026 senior
490 2960 662 3043 inpositum
685 2962 823 3027 humeris
844 2960 976 3045 pertulit
996 2983 1033 3026 ac
1058 2984 1114 3044 per
1140 2966 1240 3026 semet
1268 2965 1471 3043 praeparatos
1501 2959 1587 3027 cibos

223 3071 258 3125 25
276 3060 412 3143 propriis
434 3060 579 3125 manibus
601 3060 722 3144 angelis
743 3062 897 3144 adposuit.
943 3060 1046 3127 Simili
1068 3066 1099 3126 et
1120 3059 1289 3125 Marcellus
1316 3061 1443 3126 functus
1471 3060 1624 3127 officior

276 3163 373 3225 denos
394 3159 555 3243 praecepit
576 3182 632 3242 per
655 3160 799 3226 eonvina
813 3159 967 3240 reclinari,
989 3160 1260 3244 septingentisque
1275 3159 1421 3226 omnibus
1437 3160 1586 3225 extructis

276 3260 405 3340 mensis,
433 3282 505 3324 cum
526 3260 647 3343 ingenti
668 3259 790 3324 laetitia
812 3259 973 3325 reficiebat
997 3261 1171 3340 universos,
1201 3261 1247 3324 ita
1276 3265 1312 3324 ut
1344 3260 1399 3342 qui
1425 3281 1585 3343 superesse

275 3364 443 3441 potuerant
464 3359 655 3425 oblivionem
686 3364 833 3442 caperent
858 3359 1003 3425 laborum
1033 3381 1070 3424 ae
1096 3360 1193 3425 totius
1215 3358 1292 3424 mali
1319 3358 1517 3423 efficerentur
1538 3360 1586 3422 in-

274 3479 437 3524 memores,
489 3459 569 3524 Cum
599 3464 705 3524 autem
735 3459 864 3542 quintus
895 3458 1035 3523 decimus
1065 3459 1291 3543 transigeretur
1322 3457 1401 3537 dies,
1431 3458 1623 3523 Marcellos

221 3568 257 3620 30
275 3564 388 3622 cuncta
410 3559 542 3623 adfatim
563 3559 762 3623 ministrante
789 3558 934 3641 captivis,
964 3557 1086 3641 placuit
1116 3557 1160 3622 eis
1190 3557 1337 3622 omnibus
1364 3558 1523 3623 remeandi
1545 3561 1585 3621 ad

274 3658 401 3741 propria
421 3658 518 3724 tribui
540 3646 733 3738 facultatem,
754 3662 879 3741 praeter
900 3680 953 3723 eos
976 3680 1055 3743 quos
1077 3657 1243 3723 vulnerum
1263 3678 1392 3722 suorum
1414 3679 1489 3724 cura
1509 3657 1583 3722 reti-

274 3760 377 3835 nebat,
400 3758 516 3842 quibus
538 3758 717 3841 conpetenti
738 3759 879 3823 adhibita
893 3758 1024 3839 medela,
1045 3760 1085 3823 ad
1107 3780 1163 3823 sua
1179 3761 1299 3822 ceteros
1315 3755 1401 3821 abire
1415 3758 1583 3841 praecepit.

359 3891 398 3947 22
418 3891 485 3947 Gen.
506 3892 539 3945 18

340 4036 346 4047 .
362 3991 417 4046 OM

359 4095 522 4164 lerpulsos
540 4093 573 4147 Μ
601 4097 606 4164 Ι
639 4095 751 4150 211111
769 4093 803 4147 Μ
822 4095 827 4162 Ι
860 4093 1047 4148 dexalabant
1063 4093 1098 4147 Μ
1117 4096 1122 4161 Ι
1145 4093 1299 4148 4111111111
1321 4092 1344 4146 0
1364 4094 1369 4159 Ι
1393 4091 1512 4160 bricia]
1529 4108 1581 4145 arcs

272 4178 332 4233 uita
348 4178 435 4232 decret
451 4179 602 4247 iibcrpcsrb.
621 4196 636 4233 e
653 4196 723 4232 corr.
745 4178 783 4232 02
805 4179 809 4246 Ι
833 4177 1060 4234 9111111111Μ
1081 4180 1085 4244 Ι
1111 4178 1150 4233 10
1167 4181 1276 4246 tergum
1287 4176 1320 4229 M
1340 4178 1344 4243 Ι
1371 4177 1406 4231 11
1426 4176 1515 4230 exitus
1525 4177 1558 4229 M
1577 4180 1580 4243 Ι

274 4263 312 4318 18
330 4263 534 4334 respondebant
551 4263 584 4316 Μ
604 4268 608 4330 Ι
632 4265 671 4319 ll
689 4262 867 4333 indulgerent
883 4262 1058 4317 Oindulsere
1076 4263 1109 4315 Μ
1130 4264 1134 4329 Ι
1159 4263 1197 4318 18
1216 4261 1287 4332 gesti
1299 4260 1333 4313 Μ
1353 4262 1358 4329 Ι
1381 4265 1412 4315 tu
1424 4270 1456 4320 <
1473 4262 1496 4315 0
1512 4264 1516 4328 Ι
1543 4261 1580 4315 la

273 4347 343 4401 aeccle·
360 4346 461 4402 auditis
474 4354 506 4411 -Ι-
519 4348 597 4402 uirO
622 4349 625 4413 Ι
651 4347 798 4416 plurimum
816 4346 845 4399 11
862 4346 1000 4416 lacrimas]
1020 4347 1152 4418 plurimas
1165 4346 1292 4400 lacrimas
1302 4345 1334 4398 M
1351 4349 1355 4401 Ι
1376 4347 1411 4400 21
1427 4344 1580 4399 ministerio

271 4449 368 4503 parens
386 4431 418 4484 M
449 4434 452 4499 Ι
486 4433 525 4487 28
552 4431 585 4486 de
604 4431 688 4491 <M
716 4434 720 4499 Ι
753 4432 793 4487 24
820 4448 849 4486 se
875 4431 910 4485 M
938 4433 942 4497 Ι
975 4432 1014 4488 25
1042 4431 1158 4502 apponit
1185 4430 1219 4484 M
1270 4430 1310 4487 28
1336 4431 1486 4500 potuerunt
1508 4429 1541 4482 M
1576 4432 1579 4495 ζ

271 4516 446 4571 obliuioneG
466 4518 470 4583 Ι
495 4517 534 4572 29
552 4517 789 4586 trmrsgrederetur
805 4516 839 4569 M
859 4518 863 4583 Ι
888 4516 928 4572 110
946 4519 1045 4571 cuncta
1062 4525 1095 4575 <
1113 4515 1146 4569 M
1174 4518 1179 4583 Ι
1211 4514 1379 4569 ministranti
1397 4514 1487 4567 Rornb
1510 4516 1514 4579 Ι
1539 4513 1576 4568 al

271 4612 424 4661 suerum<
442 4603 465 4656 0
481 4603 485 4669 Ι
509 4603 548 4657 112
566 4604 723 4672 competens
740 4601 762 4656 C
778 4603 782 4668 Ι
803 4600 937 4669 adhibita]
957 4600 975 4653 d
992 4618 1045 4653 aas
1064 4603 1076 4654 t
1093 4617 1162 4655 cerr.
1176 4599 1211 4655 Οἳ
1233 4602 1237 4665 Ι
1260 4598 1381 4654 medella
1397 4598 1578 4654 1111111111.

270 4704 321 4739 con
341 4692 407 4739 eirca
425 4703 497 4740 neren
516 4686 640 4748 Bucbst,
658 4687 708 4739 clus
725 4686 817 4739 riccila
833 4685 843 4738 1
861 4686 899 4738 ist
916 4684 1120 4738 durclrslricben
1144 4686 1168 4741 O
1197 4688 1199 4751 Ι
1233 4687 1337 4738 ceteros
1355 4683 1390 4736 ad
1409 4700 1458 4735 sua
1476 4682 1509 4735 M

1331 4771 1365 4821 ln
