3768 5566
331 518 371 581 34
894 508 1081 579 Hegemonius

331 678 464 744 trarium
485 679 619 747 inveniri
640 683 757 764 potest,
779 682 812 743 et
831 700 896 743 non
916 678 1024 763 potius
1045 681 1084 744 ab
1106 678 1216 744 amicis
1237 684 1333 763 atque
1353 678 1438 742 idern
1460 675 1639 742 volentibus

330 783 500 862 utrumque
519 778 645 845 videtur
665 776 832 845 effectum?
863 777 907 843 Et
927 783 963 843 ut
983 780 1065 844 scias
1086 779 1237 863 quonism
1259 783 1290 844 et
1312 779 1451 843 amicitia
1472 781 1504 842 et
1524 797 1639 861 genere

331 878 491 944 coniuncti
512 883 593 957 sunt,
616 882 672 964 qui
692 879 753 944 scit
774 881 806 943 at
820 879 918 957 audit,
939 883 1104 945 Faciamus
1117 885 1268 945 hominem
1288 884 1319 945 et
1333 878 1456 962 reliqua
1466 875 1640 961 respondit

331 977 394 1043 Hic
424 979 508 1043 enim
539 978 594 1064 qui
624 977 777 1063 templum
808 979 926 1044 extruit
950 980 1126 1063 interrogat
1151 978 1242 1044 illurn
1264 978 1319 1063 qui
1340 978 1491 1043 informat
1512 975 1677 1041 simulat

297 1085 313 1138 5
332 1099 428 1158 crum,
449 1099 674 1163 mensurasque
701 1078 797 1143 etiarn
817 1078 1044 1164 magnitudinis
1072 1100 1109 1144 ac
1129 1078 1306 1144 latitudinis
1332 1077 1550 1160 vastitatisque
1571 1097 1640 1159 per·

332 1177 439 1261 quirit,
459 1181 495 1242 ut
515 1179 561 1242 ita
575 1178 853 1244 fundamentorum
866 1181 969 1263 spatia
983 1180 1153 1260 describat;
1174 1200 1277 1263 neque
1292 1179 1374 1243 enim
1390 1177 1423 1241 in
1437 1197 1554 1240 vanum
1569 1175 1640 1259 quis

330 1278 484 1360 templum
515 1279 643 1357 extruit,
673 1279 736 1343 nisi
766 1299 928 1344 mensuras
954 1279 1141 1345 conlocandi
1171 1279 1316 1343 didicerit
1336 1276 1506 1342 simulacri.
1548 1274 1641 1339 Simi-

330 1374 403 1440 liter
423 1375 522 1461 igitur
542 1379 737 1462 perquiritur
756 1381 869 1443 modus
891 1380 1031 1463 corporis
1053 1384 1150 1463 atque
1171 1400 1326 1454 mensura,
1345 1382 1381 1441 ut
1394 1376 1496 1460 possit
1514 1379 1587 1459 apte
1607 1375 1641 1438 in

331 1496 368 1541 eo
391 1477 496 1541 anima
518 1477 678 1543 conlocari
698 1478 738 1543 ab
765 1479 886 1544 artifice
913 1480 1055 1544 omnium
1078 1481 1146 1544 deo.
1189 1478 1280 1555 Quod
1310 1478 1337 1542 si
1367 1477 1452 1542 dicat
1482 1476 1553 1560 quis
1581 1474 1678 1539 ini-4

280 1588 313 1640 10
330 1575 448 1641 micum
470 1598 537 1642 esse
559 1599 639 1657 cum,
662 1578 717 1661 qui
731 1577 934 1661 plasmaverit
948 1600 1070 1662 corpus,
1092 1578 1220 1658 domini,
1241 1577 1296 1662 qui
1320 1582 1442 1643 creator
1457 1580 1505 1640 est
1519 1576 1640 1639 animae

330 1698 430 1754 meae,
457 1680 616 1760 quomodo
638 1700 715 1757 non,
747 1681 822 1742 dum
844 1678 935 1743 alteri
956 1679 1088 1758 invidet,
1121 1677 1250 1743 alterius
1272 1677 1360 1761 operi
1380 1675 1539 1759 inrogavit
1560 1674 1640 1738 infa-

329 1776 436 1854 miam,
465 1780 502 1840 ut
522 1781 578 1841 aut
598 1776 652 1841 ille
674 1778 730 1861 qni
752 1776 905 1861 templum
927 1778 1044 1844 extruit
1073 1781 1243 1862 angustum
1266 1775 1373 1857 faciat,
1399 1776 1444 1839 ita
1472 1780 1509 1840 ut
1530 1796 1639 1859 capere

331 1898 394 1942 non
414 1876 516 1960 possit
538 1879 624 1961 quod
650 1878 845 1955 conlocatum
876 1883 931 1942 aut
959 1877 1014 1944 ille
1044 1878 1100 1962 qui
1130 1877 1331 1942 simulacrum
1362 1877 1449 1955 fecit,
1479 1875 1639 1959 quomodo

329 1998 394 2041 non
416 1995 511 2060 grew
538 1976 660 2062 aliquid
690 1977 822 2061 protulit
852 1983 884 2043 et
911 1981 1137 2062 ponderosum,
1168 1999 1231 2061 quo
1262 1977 1458 2056 intromisso,
1486 1973 1639 2057 templum

279 2086 312 2139 15
330 2077 480 2142 continuo
503 2079 702 2143 concideret?
738 2077 918 2142 Secundum
948 2079 1021 2157 hoc,
1052 2079 1138 2161 quod
1169 2077 1314 2143 novimus
1344 2097 1411 2140 esse
1441 2074 1677 2140 inimicorums

330 2174 447 2253 studia,
473 2176 722 2260 contemplemur
747 2177 836 2254 haec,
867 2178 895 2241 si
923 2200 988 2243 non
1018 2176 1062 2241 ita
1091 2198 1125 2242 se
1146 2177 1277 2258 habent;
1307 2176 1487 2242 sinautem
1517 2176 1641 2256 oportet

330 2274 437 2338 omnia
457 2274 557 2340 isdem
579 2275 734 2341 mensuris
756 2278 864 2340 eadem
885 2278 1044 2359 aequitate
1066 2276 1191 2360 disponi
1221 2275 1380 2359 similique
1403 2273 1505 2357 gloria
1528 2270 1640 2363 efferri,

330 2374 408 2456 quid
429 2374 532 2438 adbuc
553 2376 592 2439 de
614 2376 674 2441 boc
696 2375 896 2440 dubitamus?
926 2375 1083 2440 Addimus
1104 2380 1221 2453 tamen,
1252 2377 1281 2440 si
1301 2374 1418 2459 placet,
1444 2372 1540 2438 etiarn
1560 2370 1641 2436 illud
1658 2375 1677 2428 6

330 2472 523 2556 exemplum:
552 2471 666 2537 similis
696 2474 821 2537 videtur
849 2496 917 2539 esse
942 2475 1039 2540 bomo
1064 2477 1151 2551 navi,
1181 2497 1262 2558 quae
1283 2476 1438 2540 instructa
1458 2474 1498 2537 ab
1520 2470 1640 2536 artifice

278 2587 312 2641 20
330 2576 424 2656 atque
456 2573 491 2637 in
525 2593 611 2636 mare
642 2574 776 2637 deducta
810 2577 858 2639 est
892 2595 1051 2659 quamque
1084 2576 1233 2659 navigare
1268 2572 1456 2658 inpossibile
1489 2577 1538 2638 est
1572 2571 1639 2636 sine

330 2672 564 2756 gubernaculis,
590 2673 704 2756 quibus
730 2673 800 2756 regi
821 2677 853 2737 et
873 2672 959 2739 flecti
984 2675 1086 2757 possit
1110 2676 1144 2739 in
1169 2696 1386 2759 quaecumque
1410 2673 1482 2739 loca
1504 2670 1640 2737 voluerit

330 2772 523 2854 gubernator
544 2773 620 2838 eius.
661 2771 705 2837 Et
733 2773 808 2857 quia
838 2775 949 2839 eodem
979 2773 1101 2839 artifice
1130 2775 1273 2859 indigeat
1302 2796 1416 2857 eorpus
1443 2773 1638 2857 gubemacu·

328 2869 432 2935 lorum
463 2892 526 2955 quo
553 2877 585 2936 et
610 2872 708 2938 totius
733 2873 836 2955 navis,
854 2873 947 2938 nulli
977 2874 1108 2939 dubium
1132 2878 1192 2956 est3
1223 2876 1291 2939 sine
1313 2871 1534 2957 gubernaculis
1556 2871 1639 2935 enim
1743 2936 1746 2940 Δ

329 2970 466 3037 otiosum
497 2972 557 3036 erit
578 2994 671 3038 omne
691 2974 782 3038 navis
803 2995 896 3057 opus,
927 2995 1041 3057 corpus
1061 2972 1142 3039 illud
1162 2975 1347 3039 inmensum
1389 2971 1438 3037 Ita
1467 2991 1544 3056 ergo
1574 2970 1675 3034 ani-l

277 3084 310 3137 25
329 3089 413 3133 mam
443 3074 584 3154 corporis
614 3070 828 3157 gubernacula
858 3073 1004 3150 dicimus,
1035 3078 1188 3158 reguntur
1217 3077 1323 3138 autem
1351 3077 1487 3157 utraque
1517 3069 1639 3135 arbitrii

329 3172 424 3252 atque
446 3172 568 3236 animae
589 3171 747 3252 libertate,
777 3194 841 3257 quo
867 3173 954 3236 velut
976 3174 1184 3256 gubernatore
1208 3173 1338 3250 utimum
1368 3193 1449 3257 quae
1471 3192 1543 3235 cum
1565 3191 1639 3234 con·

329 3269 490 3335 iunctione
513 3293 611 3337 uuum
633 3271 746 3337 effecta
766 3272 1003 3338 consonantiam
1025 3272 1126 3338 officii
1138 3273 1187 3337 sui
1203 3273 1367 3337 continent
1381 3274 1422 3335 ad
1443 3291 1536 3336 omne
1551 3289 1639 3352 opus,

330 3371 552 3454 quodcumque
574 3394 614 3437 ex
634 3376 733 3438 semet
758 3373 837 3456 ipsis
859 3370 1013 3449 afficiunt,
1044 3371 1098 3436 uni
1122 3375 1244 3438 auctori
1266 3377 1297 3437 et
1319 3372 1475 3437 conditori
1497 3369 1639 3434 testimo·

329 3469 417 3532 nium
439 3469 552 3535 ferunt
1468 3536 1474 3547 ,

277 3586 311 3640 30
412 3568 520 3633 XXlll
542 3569 633 3653 (XX).
671 3569 731 3636 His
754 3571 882 3650 auditis,
902 3571 1014 3637 turbae
1035 3592 1116 3654 quae
1138 3574 1267 3636 aderant
1292 3572 1492 3635 vehementer
1513 3568 1639 3651 gavisae

330 3671 414 3746 sunt,
445 3669 491 3732 ita
512 3673 547 3732 ut
567 3692 667 3752 paene
688 3693 798 3736 manus
820 3672 974 3736 inicerent
993 3672 1026 3735 in
1049 3670 1177 3751 Manen,
1209 3694 1290 3756 quos
1315 3673 1369 3736 vix
1389 3667 1565 3734 Archelaus
1587 3687 1639 3730 oo·

328 3765 442 3831 hibens
464 3772 496 3832 et
516 3769 688 3851 reprimens
710 3771 931 3854 conquiescere
953 3771 1038 3837 fecit
1074 3769 1208 3836 Iuoruns
1229 3789 1417 3834 umneusr:
1439 3764 1640 3831 Sufficienter

329 3869 468 3932 ostendit
489 3866 662 3933 Archelaus
684 3869 821 3935 bominis
844 3875 875 3935 et
896 3891 1010 3953 corpus
1033 3874 1064 3935 et
1085 3873 1223 3936 animam
1244 3872 1338 3935 unius
1360 3890 1427 3933 asse
1442 3866 1579 3942 factoris,
1602 3886 1638 3929 eo

413 3999 433 4054 8
451 3999 518 4054 Gen.
538 4004 560 4065 1,
579 4001 612 4055 ‘26

417 4099 473 4154 ΟΜ

414 4200 512 4271 aaut]
532 4202 600 4257 dicit
617 4203 652 4257 Μ
679 4207 684 4272 Ι
715 4206 900 4261 4οι1ωἰεο
927 4208 932 4273 Ι
964 4205 1149 4275 symulacrum
1171 4208 1220 4261 wic
1242 4206 1343 4260 immor
1360 4205 1394 4259 Μ
1422 4206 1426 4271 l
1459 4202 1477 4260 5
1501 4199 1637 4271 magnim-

329 4282 1638 4360 uuolsmeeuacrsapa<rrl1oansmsurrrm0a<ul

330 4370 418 4424 altero
440 4369 496 4424 GM
524 4374 527 4440 Ι
560 4372 721 4427 iufamiaG
749 4377 753 4443 Ι
788 4375 825 4431 lb
844 4374 1009 4446 conciderat]
1029 4376 1159 4432 conderet
1175 4376 1211 4431 Μ
1239 4380 1242 4444 Ι
1277 4377 1311 4433 11
1332 4372 1486 4430 hisdemM
1508 4374 1513 4438 Ι
1540 4368 1638 4442 gloria]

198 4504 203 4514 ,
328 4452 455 4509 zweimol
468 4455 641 4519 ucscbrieben
659 4457 693 4511 Μ
721 4461 725 4527 l
759 4460 798 4514 22
817 4459 994 4529 gubernator]
1012 4460 1196 4531 gubernatore
1218 4460 1456 4531 Cgubemetione
1473 4456 1508 4510 Μ
1519 4458 1523 4523 l
1544 4453 1639 4510 eodem

330 4536 383 4593 arti
405 4554 431 4593 a.
449 4538 516 4596 Rus.
535 4541 570 4595 Μ
598 4545 602 4610 Ι
636 4544 674 4599 26
703 4543 970 4600 coniunctionemC
998 4549 1002 4615 l
1035 4546 1076 4603 28
1102 4547 1255 4601 exemetO
1283 4548 1287 4613 1
1319 4543 1476 4599 efficiuntur
1492 4539 1528 4593 Μ
1555 4540 1560 4606 Ι
1591 4535 1639 4590 uui

329 4621 485 4760 auctora<
503 4623 538 4677 Μ
565 4629 569 4693 Ι
602 4626 776 4682 illuderunt
797 4628 820 4682 O
843 4632 847 4697 Ι
880 4629 917 4686 sl
938 4646 1019 4684 mane
1042 4630 1097 4685 CM
1124 4633 1128 4699 l
1161 4630 1200 4687 38
1218 4629 1339 4699 lactoris]
1357 4645 1373 4684 o
1392 4644 1443 4681 arra
1461 4643 1479 4679 u
1495 4643 1527 4679 w.
1544 4642 1566 4677 c.
1583 4620 1639 4675 sch.

328 4725 396 4763 om,
433 4740 437 4749 ,
