3726 5568
328 513 387 575 100
883 503 1069 574 Hegemonins

325 694 450 759 negare,
470 676 505 739 id
526 678 586 739 est:
607 676 693 758 quod
714 678 745 737 et
766 672 1011 757 cogitationibus
1025 674 1170 739 humenis
1185 697 1249 740 non
1263 676 1422 741 subiectus
1443 678 1547 756 fuerit,
1563 698 1631 741 om-

324 797 380 840 nes
400 776 562 859 passiones
584 774 650 838 eins
673 775 713 837 ad
734 774 883 838 deitatem
897 772 1047 848 referunt,
1069 774 1096 839 si
1117 775 1254 839 animam
1268 797 1332 840 aon
1347 777 1458 841 habuit
1471 798 1530 842 nac
1544 798 1632 841 men·

324 879 397 939 tent
440 874 544 940 Flevit
571 877 676 939 antem
707 877 739 938 et
768 874 971 938 contristatus
1002 877 1049 938 est
1079 878 1111 940 ct
1139 879 1260 940 ceteros
1289 897 1400 959 passus
1422 880 1469 941 est
1490 875 1631 941 affectus.

324 974 414 1039 Haeo
435 975 520 1040 enim
540 996 598 1059 per
617 995 651 1039 se
674 995 787 1057 corpas
816 973 883 1056 pati
912 994 975 1037 non
1004 978 1118 1057 potest
1160 972 1321 1059 Superest,
1338 980 1375 1041 nt
1396 977 1496 1040 deitas
1517 976 1550 1040 in
1571 974 1630 1041 illo
1652 987 1690 1042 18

290 1076 402 1139 bhaec
431 1096 524 1158 passa
553 1074 657 1139 fuerit
698 1071 785 1138 Inter
806 1070 1001 1138 Novatianos
1032 1078 1064 1138 et
1084 1072 1266 1139 Montenses
1296 1075 1356 1141 boo
1377 1077 1522 1154 interest,
1545 1077 1630 1160 quod

324 1173 495 1240 Novatieni
518 1176 674 1239 maiorum
700 1174 868 1239 criminum
892 1173 1119 1255 poenitentiam
1139 1196 1203 1239 non
1225 1174 1392 1258 accipiunt
1412 1177 1446 1239 id
1467 1180 1514 1240 cst
1534 1194 1630 1259 nega-

324 1273 429 1352 tionis,
450 1273 606 1358 adulterii,
627 1274 799 1351 homicidii,
821 1271 1036 1337 fornicationis
1055 1278 1086 1338 et
1101 1279 1276 1340 ceterorum
1291 1275 1340 1339 his
1354 1275 1518 1352 similium
1540 1276 1632 1340 Mon·
1652 1290 1690 1345 14

324 1378 428 1438 tenses
449 1395 523 1439 vero
545 1375 654 1439 dicunt
675 1395 732 1438 nos
751 1374 922 1457 scripturas
943 1377 1067 1438 sanctas
1089 1377 1263 1439 exurendas
1284 1376 1460 1455 tradidisse,
1481 1374 1631 1440 simulan-

324 1477 466 1537 tes'suos
488 1474 652 1556 episcopos
674 1472 837 1539 ecelesiam
860 1473 1050 1557 gubernasse
1072 1478 1104 1538 et
1119 1475 1204 1558 qnod
1223 1473 1344 1540 faciunt
1358 1473 1549 1541 Luciferiani
1563 1496 1631 1540 mo-

274 1574 307 1628 10
324 1572 471 1638 uentibus
501 1573 724 1652 sacerdotibus,
754 1574 816 1638 hoo
846 1572 895 1637 illi
924 1572 1047 1638 faciunt
1071 1573 1105 1638 in
1136 1573 1283 1638 omnibus
1305 1574 1459 1655 ecclesiis,
1490 1575 1630 1640 dicentes

324 1693 433 1736 eoram
454 1674 631 1737 sacerdotes
653 1694 720 1737 esse
749 1695 814 1737 non
834 1694 938 1755 posse,
969 1671 1024 1757 qni
1053 1674 1225 1757 scripturas
1246 1675 1456 1752 tradiderunt,
1483 1679 1516 1739 et
1536 1686 1631 1757 saper

323 1772 384 1835 hoc
406 1773 536 1849 addunt,
559 1774 633 1856 quia
659 1777 798 1837 nostram
820 1770 988 1837 ecclesiam·
1009 1773 1199 1837 traditorum
1219 1775 1377 1839 infament
1398 1795 1630 1858 quemcumque

324 1893 343 1933 a
364 1871 455 1935 nobis
476 1872 662 1937 invenerint.

410 2035 445 2089 M

408 2187 426 2241 2
445 2184 561 2240 Mercari
576 2191 644 2240 octat
659 2186 740 2241 doen
757 2184 849 2240 Punbt
868 2185 941 2239 nant
958 2185 1082 2241 referunt
1102 2186 1161 2239 aad
1181 2187 1228 2241 ein
1245 2187 1366 2242 Kommo
1382 2188 1454 2243 mab
1472 2190 1593 2243 mentem
1629 2188 1633 2255 1

324 2269 478 2326 4Marcatr'
492 2269 563 2337 saort
579 2272 649 2326 haec
665 2271 739 2325 enim
757 2310 764 2324 .
782 2310 789 2324 .
806 2272 899 2341 potest
915 2269 1131 2325 repercutere
1157 2272 1163 2340 Ι
1189 2271 1446 2340 blaciierianieM,
1460 2288 1512 2327 oon
1527 2270 1633 2325 dbaube

322 2355 465 2410 verbenam
504 2356 510 2422 Ι
551 2354 728 2409 monentibus
755 2354 861 2408 sobriat
890 2354 1007 2408 Mermi
1038 2356 1098 2409 und
1124 2356 1229 2410 Pumice
1258 2357 1424 2427 unrtrldiffi
1448 2357 1495 2413 der
1525 2356 1631 2410 bruera

322 2443 452 2493 ocrmutat
470 2439 653 2494 eminentibus
685 2441 690 2508 1
724 2440 760 2495 11
780 2439 884 2507 eornm]
903 2438 1020 2493 Mercari
1035 2440 1138 2494 mbobte
1156 2458 1250 2496 earnm
1268 2441 1341 2511 (db.
1354 2441 1540 2509 ecclesiarum)
1559 2441 1632 2494 lesen

324 2525 328 2592 Ι
359 2524 397 2579 12
416 2521 592 2592 traditorum]
613 2522 715 2576 Traube
731 2528 861 2576 madet
878 2522 1044 2578 traditarum
1076 2529 1081 2593 Ι
1115 2526 1153 2580 18
1174 2525 1244 2579 mrb
1265 2526 1422 2581 invenerint
1438 2526 1520 2594 sotpt:
1540 2523 1635 2594 Expli-

324 2608 363 2661 cit
382 2606 527 2661 altercatio
540 2606 634 2661 Sancti
647 2607 776 2661 Archelai
788 2607 907 2677 episcopi
919 2608 1017 2662 contra
1026 2608 1128 2664 Menan
1139 2608 1348 2665 Heresiaroham
1371 2612 1375 2677 Ι
1399 2608 1517 2664 dierccti
1529 2607 1635 2676 plnubt,

324 2692 390 2744 dass
407 2691 451 2745 dic
466 2690 578 2758 Vorlnpe
594 2707 643 2745 cm
660 2690 737 2744 Idade
754 2692 937 2746 ocrstdmmelt
954 2692 996 2746 sci
