3726 5568
649 497 720 549 aaa
737 494 866 550 Archelai
882 495 991 549 mvn.
1009 496 1131 550 xnvm.
1508 504 1544 565 71

236 686 323 727 mum
345 684 437 726 suum
467 662 604 746 pessima
634 662 809 746 cogitanti?
850 663 962 730 Voluit
992 668 1097 730 autem
1126 666 1229 751 magis
1259 666 1456 751 largissimae
1477 665 1546 729 viae

237 763 340 848 spatia
354 762 566 845 conpendioao
580 762 673 828 nobis
687 763 814 828 tramite
830 765 1051 840 demonstrare,
1073 788 1113 830 nc
1132 766 1221 845 forte,
1243 770 1318 831 dum
1332 766 1429 850 longa
1442 766 1545 850 spatia

238 862 415 941 circuimus,
438 865 511 926 ante
532 861 624 927 nobis
646 862 713 926 dies
735 862 900 929 claudatur
921 865 953 928 iu
976 869 1101 929 noctem
1128 870 1160 930 at
1181 868 1256 931 dum
1277 865 1393 931 deforis
1417 864 1544 950 quidem

237 960 395 1046 splendidi
415 962 596 1026 hominibus
617 964 813 1044 adparemus,
834 964 1023 1030 intrinsecus
1044 964 1129 1048 lupis
1150 967 1316 1048 rapacibus
1338 986 1545 1049 conparcmur

203 1065 291 1127 aaut
312 1060 485 1145 sepulchris
507 1062 707 1128 conferamur
729 1062 891 1129 dealbatis.
933 1064 1036 1129 Multo
1060 1066 1140 1129 enim
1157 1064 1212 1129 illa
1225 1065 1300 1130 huic
1321 1063 1543 1148 praeferendus
1562 1070 1581 1125 4

236 1166 284 1227 ost
305 1163 361 1246 qui
380 1166 467 1226 veste
489 1161 635 1247 squalida
660 1182 697 1226 ac
719 1162 833 1226 detrita
855 1165 1068 1228 circumdatus
1094 1164 1174 1229 nihil
1204 1164 1281 1229 mali
1306 1165 1340 1229 in
1370 1166 1463 1230 corde
1485 1186 1543 1227 suo

236 1262 418 1326 conclusum
445 1262 559 1326 retinet
580 1263 745 1325 adversum
766 1262 945 1345 proximum
971 1285 1072 1328 auum.
1107 1263 1218 1329 Cordis
1240 1264 1324 1329 enim
1346 1262 1543 1330 circumcisio

236 1361 305 1427 sola
325 1361 460 1427 salutem
482 1361 617 1442 confert3
640 1360 719 1425 nihil
740 1367 879 1445 praestat
900 1364 944 1428 eis
965 1363 1028 1428 ista
1049 1364 1192 1444 carnalis,
1214 1363 1275 1429 nisi
1291 1364 1372 1429 forte
1387 1360 1544 1448 spirituali

236 1461 473 1527 circumcisione
494 1461 683 1526 muniantur.
719 1461 805 1526 Audi
826 1463 921 1527 etiam
944 1464 1021 1547 quid
1043 1464 1120 1529 dicit
1141 1465 1308 1547 scriptura:
1330 1469 1417 1530 Beati
1435 1467 1545 1528 maadi

185 1571 218 1624 10
235 1566 326 1640 corde,
346 1566 419 1643 quio
439 1566 501 1641 ipsi
522 1565 610 1624 deam
629 1564 774 1625 vacent.
815 1560 898 1637 Quid
920 1582 995 1647 ergo
1022 1564 1101 1629 mihi
1122 1587 1203 1648 opus
1226 1569 1274 1630 est
1294 1565 1450 1641 laborare,
1472 1570 1581 1627 cumi

236 1661 435 1746 cognoverim
466 1659 640 1743 conpendia
660 1661 742 1740 viae,
773 1663 800 1725 si
830 1681 960 1744 possum
986 1666 1121 1728 mundus
1152 1685 1220 1728 esse
1242 1666 1335 1728 corde
1361 1662 1443 1727 sicut
1465 1666 1497 1726 et
1517 1659 1545 1724 si

237 1762 307 1845 quis
329 1761 508 1843 praevaleat
528 1761 561 1824 in
584 1759 707 1824 duobus
729 1762 886 1826 mandatis
908 1784 1034 1826 omnem
1057 1761 1160 1846 legem
1174 1763 1294 1846 inplere
1310 1762 1544 1846 etprophetas?

235 1860 314 1926 Post
335 1862 411 1925 haec
431 1882 506 1925 vero
529 1861 635 1924 omnia
657 1862 767 1924 edocet
788 1860 1003 1944 apostolorum
1025 1863 1180 1927 maximus
1200 1862 1319 1927 Paulus
1341 1863 1462 1927 dicens:
1482 1870 1544 1925 Aut

236 1965 466 2043 experimentum
486 1965 631 2041 quamtis
651 1964 717 2023 dos
731 1966 785 2041 qai
804 1967 840 2024 ia
860 1985 907 2025 me
923 1965 1057 2042 liquitur
1074 1966 1239 2027 Christus?
1269 1962 1351 2039 Quid
1374 1980 1449 2044 ergo
1465 1960 1543 2024 mihi

185 2070 218 2122 15
236 2082 315 2143 opus
337 2064 385 2125 est
407 2061 650 2139 circumcisione,
673 2081 744 2124 curn
767 2061 933 2143 pessimat
953 2062 986 2124 iu
1000 2063 1167 2143 praeputio
1182 2061 1368 2126 iustificari?
1388 2059 1432 2124 Et
1445 2058 1580 2143 scrip-d

236 2164 303 2223 tum
325 2165 384 2224 cst:
409 2164 445 2225 Si
465 2165 534 2241 quir
555 2165 749 2223 circumcisae
769 2172 820 2237 eet,
842 2184 904 2224 noo
925 2164 1050 2224 adducat
1067 2165 1274 2242 praeputium,
1295 2171 1350 2224 cat
1368 2165 1398 2224 si
1419 2165 1488 2240 qais
1507 2165 1542 2223 a'a

231 2265 383 2339 praeputio
404 2270 457 2336 eat,
479 2281 542 2323 non
563 2264 799 2324 ciroanwidclur.
836 2265 998 2341 Utramque
1020 2265 1101 2324 enim
1120 2264 1200 2324 aiau
1219 2269 1274 2339 cst,
1297 2265 1360 2323 cisi
1381 2264 1542 2325 observatio

234 2363 442 2422 marrdctorrcn
459 2363 513 2422 dei.
540 2356 619 2423 Cum
635 2379 711 2443 ergo
726 2358 851 2423 nullum
863 2360 965 2443 possit
979 2359 1100 2425 salvare
1119 2358 1324 2437 circumcisio,
1346 2381 1405 2424 nec
1426 2377 1542 2442 magno

235 2478 329 2539 opere
350 2458 537 2541 requirenda
552 2462 610 2534 eat;
632 2460 768 2522 maxime
784 2480 855 2523 cum
870 2459 896 2524 si
919 2460 990 2544 quis
1012 2460 1045 2524 in
1067 2458 1231 2542 praeputio
1247 2462 1376 2523 vocatus
1397 2458 1495 2522 fuerit
1512 2464 1543 2521 at

184 2562 218 2616 20
236 2557 419 2621 circumcidi
440 2556 583 2636 voluerit,
606 2560 756 2624 continuo
779 2560 1010 2641 praevaricator
1031 2559 1111 2643 legis
1134 2559 1298 2624 efficiatur⁴
1336 2557 1370 2622 Si
1386 2558 1469 2622 enim
1484 2557 1541 2621 oir·
1562 2569 1576 2623 7

235 2656 397 2722 cumcidor
428 2661 459 2721 et
479 2660 629 2722 mandata
649 2658 731 2742 legia
754 2658 912 2740 adinple0,
943 2664 979 2723 ut
1000 2657 1115 2724 salvari
1140 2660 1273 2741 possim,
1304 2659 1542 2723 incircumcisus

235 2760 267 2820 et
287 2757 320 2820 in
342 2758 507 2840 praeputio
529 2758 660 2840 positus,
683 2759 784 2824 multo
799 2760 901 2841 magis
921 2760 1069 2821 mandata
1088 2757 1275 2834 custodiens,
1297 2757 1420 2822 habebo
1435 2758 1543 2821 vitam.

235 2854 271 2918 ln
293 2857 405 2939 spiritu
428 2857 512 2921 enim
534 2857 805 2922 circumcisionem
827 2858 930 2923 cordis
953 2858 1069 2940 accepi,
1091 2879 1155 2921 nou
1170 2858 1232 2921 ianr
1248 2854 1372 2921 litterae
1393 2878 1450 2940 per
1463 2861 1544 2920 atra·

236 2959 385 3034 mentum,
406 2956 439 3019 in
463 2977 526 3038 quo
548 2954 617 3021 laus
640 2980 702 3023 nou
726 2979 764 3021 ex
784 2957 976 3032 hominibus,
998 2959 1053 3021 scd
1077 2960 1196 3021 ardeo
1218 2961 1273 3020 est.
1309 2954 1384 3021 Non
1399 2974 1475 3040 ergo
1496 2977 1544 3019 re·

185 3061 218 3115 25
236 3054 355 3119 feratur
379 3057 419 3118 ad
446 3077 496 3118 me
518 3056 735 3121 huiuscemodi
760 3058 924 3122 incusatio.
968 3055 1057 3121 Sicut
1079 3057 1161 3120 enim
1188 3055 1303 3139 aliquis
1325 3057 1412 3119 dives
1434 3053 1580 3126 multiss

235 3155 304 3218 auri
331 3158 425 3239 atque
452 3158 574 3240 argenti
601 3156 740 3235 talentis,
770 3158 816 3221 ita
845 3160 881 3220 ut
911 3178 1003 3221 omne
1035 3156 1200 3220 domestici
1227 3179 1304 3219 usus
1333 3154 1543 3219 ministerium

236 3275 273 3316 ex
295 3253 513 3319 huiuscemodi
535 3255 671 3321 metallis
693 3256 809 3320 habeat
830 3259 993 3335 structum,
1015 3258 1048 3320 in
1070 3252 1157 3319 nullo
1180 3255 1262 3319 vasis
1284 3252 1391 3318 fictilis
1407 3255 1544 3337 speciem

235 3352 381 3436 requirit,
416 3356 470 3418 sed
503 3378 565 3419 nou
595 3360 762 3439 propterea
795 3355 886 3440 figuli
917 3377 996 3438 opus
1033 3359 1065 3418 et
1100 3376 1150 3418 ars
1185 3356 1240 3417 aut
1272 3352 1417 3417 fictilium
1454 3375 1544 3418 vaso-

322 3534 569 3603 siracusam
590 3536 748 3604 eraculo.
778 3536 846 3590 Lulr.
866 3539 906 3600 11,
925 3538 958 3591 39
976 3566 1008 3575 —
1038 3537 1150 3590 lem.
1168 3536 1192 3599 2,
1211 3536 1244 3590 29
1270 3563 1300 3573 —
1330 3533 1467 3588 calatin.
1487 3536 1545 3596 5‚8

238 3619 935 3687 -12Matth.22,40—1811K0r.13‚3—
957 3616 1546 3687 miliorum.19-28Rom.2,‘29

321 3769 407 3827 Acir

322 3922 339 3977 2
367 3921 457 3991 spatia
473 3930 506 3981 <
524 3923 550 3974 A
582 3922 586 3987 Ι
619 3921 819 3993 compendiosae
842 3924 867 3975 A
900 3923 904 3989 Ι
936 3921 1011 3991 dum]
1038 3938 1100 3975 curn
1118 3923 1144 3975 A
1175 3922 1180 3990 Ι
1213 3922 1441 3992 Acomparamur
1461 3921 1517 3976 OM
1542 3922 1546 3990 Ι

238 4006 438 4076 osepurelirA
463 4008 466 4073 Ι
495 4005 614 4060 multum
631 4008 657 4060 A
681 4016 686 4074 Ι
717 4006 837 4076 dvcstc]
855 4023 920 4060 uera
938 4008 964 4059 A
988 4008 992 4075 Ι
1016 4006 1271 4061 cmcnmcidaturO
1299 4008 1305 4075 Ι
1339 4004 1458 4073 lecim]
1481 4021 1546 4074 ergo

238 4093 261 4142 A
288 4092 292 4158 Ι
320 4091 338 4146 8
356 4092 480 4161 praestat
497 4090 536 4144 eis
554 4090 617 4160 ista]
640 4093 751 4161 praesta
767 4092 847 4145 tenta
864 4092 889 4142 A
912 4092 917 4160 Ι
941 4090 1060 4162 spiritali
1078 4093 1102 4145 A
1121 4089 1272 4161 spiritualis
1293 4091 1316 4145 0
1337 4092 1341 4156 Ι
1370 4091 1388 4144 a
1407 4089 1549 4142 muniatur

238 4178 262 4230 A
287 4178 291 4244 Ι
314 4176 417 4247 scripta
434 4175 469 4229 M
489 4178 492 4243 Ι
516 4174 620 4230 mundo
637 4177 663 4228 A
690 4176 694 4243 Ι
723 4176 759 4231 11
788 4174 971 4245 conpendium
989 4177 1014 4227 A
1038 4176 1043 4243 Ι
1067 4176 1105 4244 ct]
1124 4178 1166 4231 eat
1183 4174 1218 4228 M
1237 4178 1241 4241 Ι
1274 4174 1313 4230 12
1332 4174 1464 4244 implerer
1479 4173 1546 4227 Ros.

236 4276 288 4314 oon
309 4260 398 4314 Aaron
414 4260 572 4316 Ructat0
601 4262 605 4327 Ι
640 4261 677 4315 lt
700 4259 869 4315 circumcisio
886 4262 912 4313 A
944 4262 948 4327 Ι
983 4261 1019 4316 17
1048 4258 1201 4331 praeputio]
1227 4275 1244 4313 o
1266 4276 1318 4312 aaa
1335 4275 1383 4311 nm
1400 4273 1469 4311 corr.
1486 4258 1513 4311 A
1543 4258 1547 4325 Ι

240 4345 277 4400 18
303 4344 421 4415 salvare]
447 4345 569 4400 salutare
592 4347 616 4398 A
651 4346 655 4411 Ι
688 4344 857 4398 circumcisio
884 4346 944 4413 nec]
973 4343 1143 4399 circumcisio
1170 4345 1195 4396 A
1221 4342 1455 4397 circumcisionem
1484 4342 1508 4397 0
1544 4342 1547 4411 Ι

237 4446 403 4500 magnopere
424 4430 480 4485 cM
507 4431 512 4497 Ι
545 4431 584 4486 lo
611 4430 658 4499 qui
684 4430 707 4484 0
737 4432 741 4497 Ι
775 4430 815 4484 20
841 4428 1055 4500 praevaricator]
1083 4426 1256 4499 praedicator
1274 4431 1298 4479 A
1331 4429 1335 4495 Ι
1369 4427 1407 4483 21
1434 4425 1546 4494 salvari]

237 4512 352 4569 salutari
377 4516 403 4568 A
435 4517 439 4583 Ι
481 4515 520 4569 22
549 4515 578 4568 in
604 4514 755 4581 maeret.
782 4514 805 4570 0
835 4517 838 4581 Ι
872 4514 911 4568 23
938 4512 1145 4568 circumcisione
1170 4514 1196 4567 A
1229 4516 1232 4581 Ι
1274 4514 1313 4569 25
1340 4511 1451 4581 aliquis]
1478 4510 1548 4565 alius

241 4599 297 4653 cM
324 4601 328 4667 Ι
362 4600 401 4654 26
418 4598 489 4653 nack
507 4598 623 4652 talentis
642 4604 674 4661 -Ι-
691 4597 811 4668 repletus
828 4600 854 4651 A
887 4600 890 4665 Ι
923 4600 955 4652 ot
973 4608 1006 4658 <
1023 4601 1049 4652 A
1082 4600 1086 4667 Ι
1119 4614 1213 4653 omnaa
1234 4598 1291 4653 GM
1313 4600 1318 4666 Ι
1350 4596 1423 4667 usus]
1442 4595 1500 4650 aius
1518 4595 1552 4649 Μ

238 4686 240 4737 Ι
281 4685 317 4739 27
339 4684 420 4754 vasis]
439 4702 488 4738 uas
506 4684 531 4737 A
550 4683 654 4739 uasiO
981 4705 984 4709 ’
