3726 5568
332 545 372 605 64
902 533 1087 605 Hegemonius

332 726 489 789 quemque
510 725 575 768 non
596 703 701 768 lateat.
742 701 832 768 Tunc
852 722 941 787 ergo,
965 725 1036 767 curn
1058 701 1223 786 effugisset
1241 702 1358 781 Manes,
1388 723 1545 787 nusquam
1568 725 1641 768 con-

330 804 444 887 paruit
487 800 595 868 Turbo
617 825 691 868 vero
714 804 858 869 minister
879 801 1035 867 Archelao
1065 803 1201 866 traditur
1222 825 1240 865 a
1261 801 1425 880 Marcello,
1452 824 1545 886 quem
1569 812 1677 868 cuma

332 904 501 967 diaconum
522 903 698 969 Archelaus
728 902 916 985 ordinasset,
947 904 981 968 in
1010 900 1154 966 Marcelli
1183 903 1390 968 contubernio
1420 900 1640 987 perseveravit

333 999 442 1066 Manes
464 1006 570 1068 autem
591 1003 718 1088 fugiens
740 1004 867 1067 advenit
881 1005 922 1066 ad
936 1003 1094 1086 quendam
1108 1001 1213 1066 vicum
1234 1001 1331 1086 longe
1347 1002 1386 1067 ab
1401 1003 1478 1067 urbe
1492 1003 1642 1085 positum,

298 1114 315 1166 5
334 1102 389 1185 qui
403 1101 622 1185 appellabatur
636 1102 777 1168 Diodori.
808 1101 886 1166 Erat
901 1105 1007 1166 autem
1021 1102 1187 1186 presbyter
1199 1100 1263 1166 loci
1283 1101 1370 1166 illius
1384 1103 1511 1166 nomine
1526 1106 1559 1167 et
1573 1104 1642 1186 ipse

332 1201 501 1282 Diodorus,
523 1204 647 1285 quietus
671 1206 702 1267 et
716 1203 812 1281 mitis,
834 1200 909 1266 fidei
933 1223 970 1266 ac
991 1200 1093 1266 famae
1115 1201 1218 1265 bonae
1238 1200 1342 1279 ralde3
1365 1206 1397 1266 et
1417 1224 1489 1267 cum
1504 1205 1677 1286 quadams

333 1302 384 1365 die
406 1302 523 1379 Manes,
555 1307 748 1387 congregata
778 1301 882 1381 turba,
914 1302 1150 1366 contionaretur
1179 1322 1217 1365 ac
1245 1301 1411 1384 peregrina
1432 1304 1588 1384 quaedam
1610 1306 1641 1365 et

333 1399 435 1464 aliena
457 1424 476 1464 a
496 1403 817 1484 paterna-traditione
831 1400 950 1484 populo
975 1402 1031 1484 qui
1045 1401 1191 1465 adstabat
1212 1402 1379 1479 adsereret,
1399 1401 1523 1466 nullum
1539 1424 1576 1466 ex
1592 1402 1642 1467 his

333 1501 461 1564 omnino
482 1500 664 1582 formidans,
686 1504 772 1586 quod
790 1502 853 1566 sibi
874 1502 977 1584 possit
998 1501 1160 1580 obsistere,
1181 1499 1342 1567 Diodorus
1361 1502 1472 1566 videns
1487 1501 1642 1585 proficere

282 1601 400 1665 locius
426 1602 601 1683 nequitiam
628 1602 782 1667 deliberat
802 1601 959 1666 Archelao
980 1601 1106 1665 mittere
1128 1600 1296 1682 epistulam
1318 1602 1533 1665 continentem
1554 1603 1640 1667 haec.

414 1698 514 1763 XLIV
545 1700 632 1782 (XL).
682 1701 840 1766 Archelao
871 1700 1019 1784 episcopo
1047 1699 1207 1764 Diodorus
1237 1698 1372 1765 salutern
1412 1700 1497 1765 dicit.
1552 1700 1641 1766 Scire

332 1802 364 1863 te
384 1799 467 1876 rclc,
488 1800 727 1884 religiosissime
756 1805 854 1884 pater,
885 1802 1035 1885 quoniam
1066 1800 1194 1865 advenit
1216 1800 1346 1884 quidam
1376 1800 1410 1864 in
1437 1800 1548 1865 diebus
1570 1802 1642 1867 istis

330 1901 458 1965 nomine
480 1900 590 1966 Manes
611 1904 651 1965 ad
673 1900 744 1975 loca
764 1904 883 1981 nostra,
915 1901 971 1984 qui
1000 1901 1075 1965 nori
1096 1901 1278 1964 testamenti
1300 1900 1476 1965 doctrinam
1498 1922 1531 1965 se
1554 1901 1641 1965 adin-

331 1999 417 2083 plere
438 2002 605 2085 prcmittit.
646 2001 690 2065 Et
710 2002 838 2084 quidem
860 2005 949 2065 erant
970 2001 1124 2085 quaedam
1146 2000 1179 2063 in
1200 1998 1249 2063 his
1270 2019 1351 2081 quae
1372 1998 1411 2061 ab
1435 2021 1471 2063 eo
1494 2001 1677 2066 diceban-a

281 2108 313 2163 15
332 2105 384 2164 tur
405 2103 531 2165 nostrae
552 2101 634 2178 fidei,
658 2104 813 2185 quaedam
834 2122 909 2164 vero
931 2098 1095 2163 adserehat
1116 2097 1211 2181 longe
1233 2100 1358 2163 diversa
1379 2098 1418 2163 ab
1440 2101 1480 2164 iis
1501 2121 1581 2184 quae
1601 2103 1641 2164 ad

332 2223 389 2265 nos
410 2205 541 2284 paterna
562 2202 732 2266 traditione
747 2202 947 2265 descendunt
980 2198 1249 2281 Interpretabatur
1264 2200 1348 2263 euim
1363 2202 1516 2282 quaedam
1532 2200 1641 2279 aliene,

331 2300 447 2381 quibus
470 2301 565 2364 etiam
588 2323 625 2364 ex
646 2301 783 2383 propriis
805 2298 948 2378 addebat,
970 2319 1050 2382 quae
1072 2298 1150 2361 mihi
1171 2297 1263 2362 valde
1288 2300 1456 2383 peregriua
1477 2300 1545 2366 visa
1567 2305 1642 2366 sunt

333 2402 364 2461 et
385 2398 491 2463 infida.
533 2398 596 2463 Pro
618 2400 733 2482 quibus
755 2400 850 2463 etiam
872 2403 1033 2482 permotus
1055 2420 1126 2462 sum
1152 2398 1289 2462 scribere
1311 2399 1389 2462 haec
1410 2401 1451 2462 ad
1471 2403 1515 2479 te,
1538 2402 1677 2468 sciense

333 2499 495 2562 doctrinae
516 2502 590 2562 tuae
610 2499 786 2581 perfectum
809 2502 840 2563 et
861 2498 1081 2581 plenissimum
1103 2519 1238 2575 sensum,
1261 2497 1411 2580 quoniam
1426 2497 1523 2562 latere
1538 2504 1570 2564 te
1584 2501 1641 2565 ho·

280 2609 314 2665 20
332 2620 402 2662 rum
419 2597 500 2662 nihil
521 2601 639 2680 potest;
662 2602 693 2662 et
714 2599 785 2663 ideo
809 2597 946 2663 confisus
968 2620 1039 2663 sum
1053 2600 1094 2660 ad
1109 2595 1305 2680 explananda
1319 2597 1411 2662 nobis
1431 2598 1509 2662 haec
1522 2600 1642 2666 invidia
1715 2658 1720 2663 .

332 2703 363 2761 te
384 2720 449 2761 non
470 2719 564 2781 posse
586 2699 755 2781 prohiberi.
798 2696 949 2773 Quamvis
971 2718 1029 2762 nec
1051 2716 1110 2781 ego
1133 2697 1262 2779 quidem
1286 2697 1320 2761 in
1346 2694 1480 2776 alterum
1502 2698 1642 2782 aliquem

330 2798 477 2864 inclinari
498 2800 656 2881 potuerim
678 2820 813 2877 sensum,
835 2802 939 2862 tamen
962 2801 1092 2880 propter
1113 2796 1273 2878 simplices
1289 2817 1432 2880 quosque
1447 2802 1519 2862 tuae
1535 2803 1643 2865 aucto·

331 2898 434 2962 n‘tatis
466 2898 636 2981 conpulsus
668 2921 737 2963 sum
768 2898 927 2980 inplorare
958 2918 1142 2962 sermonem.
1186 2895 1233 2960 Re
1262 2918 1337 2960 vera
1367 2897 1451 2961 enim
1476 2899 1526 2962 vir
1551 2899 1679 2964 valdee

330 2998 498 3062 vehemens
520 3002 586 3061 tam
608 3019 751 3062 sermone
773 3020 869 3082 quam
891 3018 993 3080 opere,
1015 2998 1070 3061 sed
1092 2999 1124 3059 et
1144 2997 1296 3077 adspectu
1316 2997 1386 3078 ipso
1414 2999 1509 3079 atque
1531 2998 1641 3064 babitu

278 3107 313 3163 25
331 3101 469 3180 adparet.
505 3097 567 3162 Sed
589 3101 621 3162 et
641 3120 742 3180 pauca
757 3098 919 3182 quaedam,
942 3094 1055 3179 (quae)
1068 3096 1202 3159 retinere
1223 3116 1355 3177 possum
1377 3118 1415 3159 ex
1436 3098 1475 3161 iis
1498 3118 1579 3181 quae
1601 3098 1641 3163 ab

332 3220 368 3261 eo
391 3199 582 3277 dictasunt,
613 3199 716 3263 scribo
746 3199 806 3262 tibi
834 3199 936 3262 sciens
963 3196 1038 3279 quia
1069 3217 1107 3258 ex
1136 3195 1176 3260 iis
1206 3196 1301 3259 etiam
1324 3195 1446 3280 reliqna
1466 3194 1642 3281 intelleges.

331 3295 427 3363 Nosti
450 3299 525 3382 quia
545 3320 665 3363 morem
688 3300 771 3362 hunc
794 3299 912 3363 habent
934 3297 989 3381 qui
1011 3297 1127 3378 dogma
1149 3294 1278 3379 aliquod
1301 3298 1443 3360 adserere
1464 3297 1583 3377 volunt,
1605 3303 1676 3366 utt

332 3418 549 3481 quaecumque
570 3397 728 3462 voluerint
749 3400 787 3461 de
809 3399 974 3481 scripturis
989 3396 1161 3474 adsumere,
1183 3396 1261 3459 haec
1281 3396 1469 3479 propensius
1483 3397 1533 3461 sui
1547 3398 1640 3462 intel·

332 3496 471 3581 legentia
501 3501 680 3581 depravent.
733 3496 795 3562 Sed
823 3499 881 3563 hos
915 3497 1118 3580 praeveniens
1149 3495 1342 3579 apostolicus
1373 3517 1476 3560 sermo
1511 3498 1642 3561 denotat

280 3603 314 3658 30
332 3597 451 3662 dicens:
480 3603 515 3661 Si
536 3602 607 3679 qaia
626 3602 709 3661 eola'e
729 3603 951 3662 adnuntiaverit
964 3607 1173 3679 praeterquam
1195 3600 1274 3677 quod
1294 3600 1452 3677 accepistis,
1483 3603 1641 3662 anathema

417 3761 457 3815 ao
475 3760 535 3816 ear.
555 3764 579 3829 1,
596 3762 614 3815 s

419 3909 475 3966 OM

416 4046 588 4101 harchelaus
602 4046 641 4113 01
657 4048 675 4102 3
694 4046 836 4102 ordinaret
851 4048 874 4103 0
887 4049 890 4113 Ι
906 4047 1123 4118 perseuerauerit
1143 4047 1166 4102 0
1179 4046 1183 4113 Ι
1200 4045 1343 4115 tdyoderi
1356 4047 1384 4111 0,
1403 4045 1447 4099 bei
1463 4046 1640 4115 Epiphaniae

332 4131 416 4185 tetra
441 4131 489 4185 der
514 4130 655 4199 Presbyter
683 4130 802 4202 Τρύφων
825 4133 973 4185 andaciae
1002 4132 1080 4186 Stadt
1107 4132 1244 4204 Aradaplc
1276 4133 1280 4199 Ι
1315 4133 1329 4185 i
1358 4131 1610 4187 continuareturO
1636 4134 1640 4201 Ι

332 4215 505 4284 quadamill
522 4216 558 4271 11
579 4217 775 4276 salutem<O
800 4220 804 4285 l
834 4217 873 4272 14
888 4217 934 4287 ab]
952 4235 1006 4274 aa.
1023 4219 1090 4272 Rae.
1109 4216 1155 4282 Μ;
1171 4218 1218 4270 eia
1235 4215 1349 4269 caderet
1367 4214 1487 4282 Ructat,
1507 4215 1641 4271 eielleiett

331 4301 363 4367 h,
389 4300 428 4353 iat
453 4317 502 4353 aar
519 4319 536 4354 a
553 4301 710 4355 accrediert
740 4302 745 4369 Ι
779 4302 817 4358 15
840 4302 883 4369 iis}
903 4302 946 4356 his
964 4303 997 4357 Μ
1026 4306 1031 4371 Ι
1065 4303 1153 4370 lello
1181 4302 1215 4357 ad
1234 4300 1293 4368 nos]
1322 4318 1339 4354 a
1365 4317 1415 4356 nos
1441 4300 1502 4368 (nos
1519 4316 1545 4353 a.
1565 4300 1641 4368 Res.)

335 4385 359 4440 0
388 4387 392 4453 l
426 4386 465 4441 le
484 4385 692 4441 discenduntO
722 4389 726 4454 l
758 4387 850 4441 aliena
868 4387 902 4440 Μ
922 4389 925 4453 Ι
960 4389 996 4443 lt
1016 4388 1077 4442 uisa
1094 4390 1159 4442 sunt
1176 4386 1246 4442 mihi
1263 4385 1346 4440 valde
1363 4384 1557 4454 peregrinati
1570 4401 1641 4441 corr.

331 4469 380 4523 M²
411 4471 416 4537 Ι
449 4470 486 4525 cl
506 4470 578 4524 tract
590 4471 702 4539 quidem
720 4478 752 4533 -Ι-
771 4472 806 4526 ad
822 4473 857 4533 0,·
876 4472 1081 4527 durctstn'ctren
1093 4472 1147 4526 mit
1162 4470 1297 4525 derselben
1311 4470 1388 4524 l'r'ate
1411 4470 1415 4538 Ι
1440 4470 1480 4525 24
1498 4470 1565 4538 tam]
1585 4470 1642 4525 iam

334 4555 359 4610 0
388 4557 391 4621 Ι
425 4554 464 4611 25
490 4556 561 4608 nacla
587 4557 723 4624 quaedam
742 4564 774 4619 1-
793 4576 863 4626 quae
885 4557 1011 4625 Zaeapai
1040 4560 1044 4626 Ι
1076 4557 1120 4627 iis]
1143 4557 1186 4610 his
1205 4557 1239 4609 Μ
1268 4557 1273 4625 Ι
1305 4557 1344 4611 26
1371 4554 1415 4624 iis]
1441 4555 1484 4608 his
1502 4554 1537 4607 Μ
1563 4556 1569 4624 Ι
1602 4557 1639 4611 27

330 4640 443 4708 babent]
464 4640 592 4696 habetO
622 4643 626 4710 Ι
660 4643 698 4697 ht)
724 4643 784 4710 hos}
803 4658 841 4695 aa
858 4642 911 4698 hoc
928 4642 995 4696 atrae
1012 4642 1078 4696 Res.
1095 4658 1164 4697 corr.
1185 4642 1224 4697 0²
1255 4644 1259 4710 Ι
1292 4659 1380 4698 sermo
1399 4640 1514 4694 denotat
1531 4640 1611 4695 ωΟ
1638 4642 1642 4709 Ι

331 4726 371 4780 311
388 4728 590 4796 praeterquam]
611 4730 719 4797 praeter
739 4728 763 4781 0
