3768 5566
315 513 351 573 10
866 500 1050 572 Hegemonius

313 673 401 757 τῴάε
432 673 483 755 τῷ
514 670 771 753 παραδείγματι,
802 659 959 753 καθάπερ
991 662 1051 735 δύο
1082 672 1228 748 βασιλεῖς
1254 657 1515 751 άντιμαχόμενοι
1537 658 1624 749 πρὸς

313 766 495 857 ἀλλήλους,
527 759 626 847 ὄντες
652 761 710 836 ἀπ’
742 760 845 853 ἀρχῆς
871 768 989 852 ἐχθροὶ
1022 772 1078 834 καὶ
1108 760 1174 834 άνά
1195 767 1295 851 μέρος
1317 757 1462 833 ἑκάστου
1488 760 1532 832 τά
1556 763 1624 831 ἴδια

313 869 462 955 ἔχοντος.
505 864 593 936 κατά
616 870 650 935 δὲ
672 862 832 935 σύστασιν
855 863 895 935 τὸ
919 859 1042 946 σκότος
1064 859 1213 935 ἐπελθὸν
1236 866 1272 933 έκ
1293 867 1367 931 τῶν
1389 855 1497 949 όρέιυν
1518 858 1625 932 αὐτοῦ

313 963 591 1055 προσεμαχήσατο
615 971 665 1053 τῷ
694 972 794 1050 φαντί.
836 958 965 1052 γνόντα
987 969 1023 1034 δὲ
1045 963 1109 1035 τόν
1131 959 1265 1052 άγαθόν
1285 965 1417 1049 πατέρα
1437 960 1479 1033 τὸ
1501 959 1625 1043 σκότος
1643 975 1662 1030 8

279 1070 351 1137 δέν
374 1073 416 1153 τῇ
437 1073 479 1154 γῇ
501 1061 606 1136 αὐτοῦ
628 1059 882 1153 έπιδεδημηκός,
910 1060 1118 1148 προβάλλειν
1147 1067 1183 1149 ἐξ
1209 1057 1316 1133 αὐτοῦ
1346 1059 1501 1150 δύναμιν,
1533 1072 1626 1149 λεγο·

314 1172 419 1254 μένην
442 1170 567 1254 μητέρα
590 1170 650 1254 τῆς
674 1169 774 1253 ζωῆς,
805 1168 859 1234 καὶ
887 1159 995 1253 αὐτὴν
1021 1167 1287 1251 προβεβληκέναι
1314 1158 1378 1232 τόν
1403 1168 1547 1249 πρῶτον
1570 1159 1626 1231 άν-

314 1276 463 1353 θρανπον
491 1262 532 1334 τά
559 1270 662 1335 πέντε
693 1281 848 1351 στοιχεῖα.
891 1267 952 1333 all
983 1267 1018 1332 δὲ
1049 1262 1184 1351 ἄνεμος,
1217 1268 1306 1348 φῶς,
1337 1255 1539 1355 ὕδωρ-πῦρ
1569 1266 1626 1331 καὶ

314 1360 387 1453 dep.
423 1369 602 1435 καὶταῦτα
623 1360 850 1451 ένδυσάμενον
872 1359 920 1445 σός
934 1358 1020 1449 πρὸς
1034 1359 1246 1451 κατασκευὴν
1261 1368 1421 1450 πολέμου,
1443 1371 1625 1431 κατελθεῖν·

314 1461 410 1534 κότου
441 1470 496 1533 καὶ
522 1469 710 1552 πολεμῆσαι
741 1468 790 1552 τῷ
814 1458 937 1533 σκότει.
980 1462 1011 1531 οἱ
1038 1468 1074 1532 δὲ
1096 1468 1159 1532 τοῦ
1180 1457 1325 1544 σκότους
1348 1459 1511 1549 ἄρχοντες
1532 1456 1664 1531 ἄντι-4

263 1580 298 1634 10
314 1570 546 1650 πολεμοῦντες
568 1559 663 1653 αὐτῷ
687 1564 816 1651 έφαγον
838 1567 875 1632 έκ
898 1567 958 1650 τῆς
980 1567 1175 1643 πανοπλίας
1198 1557 1312 1644 αὐτοῦ,
1335 1552 1355 1629 ό
1377 1564 1470 1632 ἐστιν
1493 1556 1626 1651 ἡψυχῆ.

315 1661 395 1734 τότε
411 1668 531 1744 δεινῶς
546 1667 666 1752 έθλέβη
681 1666 750 1734 έκεῑ
768 1659 864 1734 κάτω
887 1657 906 1733 ό
927 1667 1067 1748 πρῶτος
1089 1659 1278 1747 ἄνθρωπος
1298 1655 1364 1731 άπὸ
1388 1664 1451 1731 τοῦ
1472 1654 1625 1741 σκότους,

315 1770 370 1833 καὶ
402 1767 430 1831 εἰ
456 1759 500 1851 μὴ
528 1758 711 1850 εόξαμένου
737 1759 930 1851 εἰσήκουσεν
956 1756 975 1832 ό
996 1759 1111 1850 πατὴρ
1133 1767 1189 1831 καὶ
1212 1756 1410 1831 ἀπέστειλεν
1432 1760 1550 1847 ἑτέραν
1573 1756 1626 1830 ed

316 1890 417 1951 ναμιν
443 1870 697 1949 προβληθεῑσαν
723 1858 780 1931 ὐπ’
803 1858 923 1945 αὐτοῦ,
956 1866 1138 1949 λεγομένην
1169 1866 1239 1947 ζῶν
1269 1865 1414 1946 πνεῦμα,
1445 1865 1501 1929 καὶ
1531 1855 1625 1946 εἰμὴ

314 1964 499 2033 κατελθών
521 1968 668 2033 δέδωκεν
691 1958 784 2051 αὐτῷ
807 1958 921 2047 δεξιάν
942 1967 998 2030 καὶ
1014 1956 1198 2050 ἀνήνεγκεν
1213 1964 1250 2031 έκ
1266 1964 1331 2031 τοῦ
1344 1955 1498 2042 σκότους,
1520 1954 1627 2029 πάλαι

265 2079 297 2132 15
315 2059 359 2132 tv
381 2055 399 2132 ό
422 2067 563 2150 πρῶτος
586 2060 772 2149 άνβρωπος
792 2056 1017 2150 κατεχόμενος
1037 2057 1275 2132 ἐκινδύνευσεν.
1322 2061 1440 2130 έκτοτε
1463 2050 1526 2128 οὖν
1547 2086 1627 2129 κατ·
1645 2081 1664 2136 s

316 2236 583 2316 quemadmodum
604 2234 631 2297 si
653 2235 715 2298 duo
737 2251 827 2316 reges
855 2232 919 2297 sint
939 2234 1105 2294 adversum
1127 2252 1160 2295 se
1181 2234 1370 2314 pugnantes,
1397 2228 1452 2313 qui
1473 2231 1513 2294 ab
1534 2228 1627 2294 initio

316 2331 435 2395 fuerint
463 2331 595 2411 inimici,
628 2333 779 2397 habentes
809 2330 928 2416 singuli
958 2352 1031 2395 suas
1068 2330 1242 2413 portiones;
1278 2328 1427 2393 acciderit
1457 2333 1562 2392 autem
1591 2332 1629 2392 ut

316 2430 462 2496 tenebrae
483 2431 721 2515 progredientes
743 2431 822 2495 fines
844 2451 926 2505 suos,
948 2428 1069 2494 bellum
1091 2451 1164 2495 cum
1184 2428 1255 2494 luce
1277 2428 1499 2493 commiserint
1535 2427 1665 2504 Quoue

317 2553 388 2596 oum
416 2529 616 2614 cognovisset
642 2532 743 2596 bonus
769 2534 859 2613 pater
892 2529 1038 2594 tenebras
1068 2531 1107 2593 ad
1137 2534 1253 2594 terram
1283 2549 1373 2593 suam
1403 2528 1628 2611 supervenisse,

266 2642 300 2695 20
316 2630 465 2714 produxit
496 2651 534 2694 ex
563 2651 596 2695 se
626 2631 787 2709 virtutem,
819 2651 900 2713 quoe
930 2629 1046 2694 dicitur
1072 2628 1293 2709 maturitas,
1326 2648 1389 2711 qua
1422 2626 1629 2691 circumdedit

317 2731 453 2814 primum
467 2729 635 2811 homiuem,
658 2751 738 2814 quae
752 2732 827 2794 suut
841 2730 982 2813 quinque
1000 2728 1164 2804 elementa,
1186 2728 1218 2791 id
1243 2731 1291 2791 est
1309 2729 1431 2807 ventus,
1451 2724 1515 2805 lux,
1537 2746 1627 2809 sque,

317 2831 400 2915 iguis
423 2834 454 2894 et
477 2830 617 2909 materia,
638 2830 753 2913 quibus
768 2830 905 2909 indutus,
926 2834 1089 2912 tamquam
1105 2832 1145 2891 ad
1160 2829 1345 2910 adparatum
1359 2824 1445 2903 belli,
1466 2825 1629 2890 descendit

319 2934 465 2996 deorsum
495 2947 637 3013 pugnare
666 2928 832 2994 adversum
857 2928 1010 2994 tenebras.
1064 2929 1109 2991 At
1138 2949 1212 2993 vero
1242 2925 1441 2990 tenebrarum
1471 2924 1666 3009 principest

320 3033 531 3112 repugnantes
558 3028 586 3093 ei
617 3032 820 3094 comederunt
849 3031 888 3092 de
919 3031 1077 3091 armatura
1103 3026 1182 3105 eius,
1209 3028 1294 3110 quod
1316 3029 1364 3088 est
1385 3024 1497 3089 anima
1540 3023 1630 3090 Tunc

268 3142 301 3195 25
319 3129 364 3193 ibi
385 3130 585 3193 vehementer
606 3127 751 3192 adflictus
780 3132 828 3192 est
858 3131 1004 3193 deorsum
1033 3126 1154 3209 primus
1183 3147 1297 3208 parens
1323 3124 1418 3189 homo
1444 3125 1629 3203 atenebris‚

320 3233 351 3293 et
371 3229 433 3293 nisi
455 3231 595 3293 orantem
618 3249 690 3292 sum
712 3228 889 3292 exaudisset
902 3231 992 3310 peter
1013 3230 1045 3291 et
1063 3225 1199 3291 misisset
1218 3224 1349 3289 alteram
1370 3223 1528 3303 virtutem,
1550 3245 1631 3307 quae

319 3331 514 3411 processerat
536 3349 574 3391 ex
595 3349 637 3404 se,
660 3349 740 3411 quae
763 3327 877 3391 dicitur
898 3326 1027 3409 spiritus
1049 3326 1165 3404 virens,
1188 3327 1220 3388 et
1234 3325 1424 3389 descendens
1438 3322 1631 3405 porrexisset

320 3428 348 3492 ei
370 3430 530 3492 dexteram
553 3429 585 3491 et
605 3426 765 3492 eduxisset
786 3448 857 3491 eum
880 3428 918 3491 de
940 3425 1091 3506 tenebris,
1117 3424 1195 3489 olim
1220 3424 1340 3508 primus
1362 3422 1456 3485 homo
1485 3423 1630 3485 detentus

318 3527 558 3610 periclitaretur.
600 3524 649 3589 Ex
672 3549 708 3591 eo
732 3545 808 3610 ergo
832 3528 979 3591 deorsum
1000 3526 1136 3590 animam
1158 3524 1299 3608 reliquit,
1322 3526 1353 3588 et
1373 3523 1540 3605 propterea
1562 3519 1667 3585 Mat

408 3691 492 3745 ΛΟΜ
508 3690 567 3743 ιιιιά
586 3689 687 3758 Epipd.

405 3844 423 3899 5
454 3838 635 3913 προβάλλειν]
661 3843 803 3909 Petreius,
830 3842 1023 3915 προσβάλλειν
1048 3842 1072 3897 J
1110 3843 1114 3911 Ι
1157 3844 1176 3897 d
1202 3835 1438 3911 προβεβληκέναι]
1466 3840 1630 3911 περιβεβλη·

319 3925 401 3983 κέναι
425 3927 498 3981 κατά
515 3927 565 3979 den
582 3928 653 3979 Acta
679 3944 747 3981 corr.
778 3927 877 3995 Οιάλαν,
903 3928 968 3981 aber
992 3927 1043 3995 opt.
1062 3926 1239 3995 Epiphanius
1269 3923 1334 3991 cap.
1354 3924 1392 3975 45
1420 3923 1470 3978 καλ
1496 3915 1565 3990 αὕτη
1591 3919 1629 3988 δέ,

211 4079 216 4090 ,
321 4014 402 4083 φησί,
428 4012 565 4079 duritem
583 4009 761 4082 προεβάλετο
780 4011 830 4067 τὸν
848 4018 963 4083 πρῶτον
980 4005 1137 4083 ἄνθρωπον
1169 4012 1173 4079 1
1207 4011 1245 4066 18
1264 4006 1375 4076 ζωὴν]
1406 4008 1410 4072 1
1444 4008 1482 4061 lt
1500 4005 1630 4061 aduersru

321 4097 355 4150 M
377 4100 381 4165 1
416 4098 451 4151 17
473 4094 585 4164 singuli]
603 4111 640 4147 κα
658 4094 774 4164 singulis
791 4112 860 4149 corr.
879 4098 904 4148 A
937 4098 941 4165 1
974 4096 1046 4166 suas]
1065 4095 1189 4164 singulas
1207 4095 1232 4147 A
1264 4096 1268 4157 1
1301 4090 1478 4145 accederitA
1503 4091 1508 4155 1
1542 4090 1583 4160 ut]
1601 4094 1632 4145 at

325 4182 348 4236 C
368 4181 463 4247 petitpl
481 4180 541 4232 und
566 4182 598 4233 ut
623 4179 774 4247 itteryescd.
797 4181 835 4236 0²
865 4182 870 4248 1
904 4182 942 4236 19
970 4180 1129 4249 agnouisset
1159 4179 1181 4231 0
1210 4183 1214 4246 1
1247 4176 1291 4246 sd]
1323 4193 1340 4229 a
1364 4176 1389 4228 A
1422 4177 1426 4240 1
1458 4175 1632 4244 superuenire

321 4266 355 4319 M
384 4268 387 4331 1
421 4265 461 4319 20
487 4263 643 4333 produxit.
663 4304 669 4317 .
688 4264 853 4334 .rirtutem]
880 4264 1011 4335 produxit
1028 4281 1061 4318 ex
1079 4262 1182 4317 uirtute
1205 4262 1227 4314 A
1247 4258 1406 4331 produxerit
1423 4261 1451 4313 et
1472 4275 1529 4313 esse
1546 4258 1631 4313 uirtu-

321 4354 376 4405 tem
394 4366 432 4402 κα
450 4347 583 4418 produxit
599 4365 632 4402 ex
651 4365 680 4403 se
697 4349 829 4404 uirtutem
847 4348 914 4402 ohne
926 4349 991 4401 llos.
1010 4364 1080 4401 corr.
1103 4347 1301 4417 Oproduxerit
1318 4363 1352 4400 ex
1369 4363 1398 4399 se
1415 4345 1546 4398 uirtutem
1564 4343 1598 4398 M
1627 4345 1631 4413 1

320 4434 392 4488 neele
410 4451 466 4502 qus
485 4440 517 4497 -1-
535 4433 683 4488 uirtuteC
711 4436 716 4501 1
749 4436 786 4489 21
807 4436 904 4488 ventus
922 4442 955 4491 <
973 4433 998 4485 A
1030 4433 1035 4498 1
1068 4432 1107 4487 22
1126 4430 1250 4499 materia]
1269 4428 1400 4483 marioA
1427 4431 1431 4496 1
1463 4428 1635 4483 inductusO

321 4521 325 4589 1
355 4521 483 4590 paratum
505 4519 531 4571 A
553 4518 600 4584 01
633 4518 672 4572 28
690 4521 861 4587 puguaturus
879 4517 936 4583 Ml
961 4517 1090 4571 aduersus
1108 4518 1133 4569 A
1157 4518 1161 4583 1
1186 4515 1224 4585 at]
1243 4531 1295 4566 ααε
1314 4511 1350 4564 ed
1368 4529 1437 4565 corr.
1461 4512 1631 4579 0²123l24

321 4602 457 4674 principes
475 4645 482 4658 .
500 4643 507 4657 .
526 4643 533 4657 .
551 4602 586 4671 ei]
604 4601 729 4672 princeps
746 4602 947 4672 repugnantess
965 4600 998 4653 M
1027 4601 1032 4667 1
1064 4599 1103 4654 24
1122 4598 1243 4652 animam
1262 4598 1286 4650 A
1305 4596 1338 4649 M
1361 4598 1365 4664 1
1398 4596 1594 4651 odorantes
1628 4598 1631 4661 1

323 4689 359 4744 27
382 4688 419 4757 εε1
438 4703 471 4742 ae
489 4688 514 4740 A
532 4704 566 4741 ea
583 4686 616 4739 M
644 4688 649 4753 1
681 4685 720 4742 28
739 4685 862 4739 duxisset
880 4685 912 4738 M
942 4684 946 4751 1
979 4682 1016 4737 ‘Ml
1033 4683 1159 4737 deorsum
1177 4682 1298 4736 animam
1315 4680 1396 4734 mo
1424 4686 1428 4745 1
1460 4676 1591 4747 relinquit
1608 4680 1632 4730 A
