3768 5566
324 530 364 592 26
892 516 1077 588 Hcgcmunius

227 742 231 751 .
319 695 585 772 praevaricatorem
615 712 662 752 mc
690 694 842 751 constituo.
885 684 957 751 Hoc
981 690 1087 751 autem
1114 685 1205 765 dicit,
1235 684 1370 769 gentiles
1403 705 1457 749 eos
1482 683 1634 763 iudicans,

324 795 453 874 propter
474 791 560 872 quod
581 788 641 852 sub
663 787 826 852 elementis
847 786 958 850 mundi
979 791 1096 865 essent,
1122 785 1308 869 priusquam
1329 784 1450 849 veniret
1469 783 1634 868 plenitudo

325 889 407 969 fidei
429 892 590 955 credentes
611 890 645 954 iu
666 888 737 973 lege
760 892 791 952 et
810 887 981 971 prophetis.

408 987 485 1054 XVI
507 988 615 1073 (XIV).
651 987 779 1054 lunrons
801 1006 986 1052 urrunnun:
1021 985 1056 1051 Si
1082 986 1160 1069 quid
1186 986 1289 1050 adhuc
1310 985 1509 1050 manifestius
1530 985 1635 1062 habes,

291 1090 376 1157 edic
406 1093 444 1155 dc
471 1090 631 1154 doctrinae
658 1095 729 1153 tuse
757 1091 853 1153 modo
874 1093 906 1151 st
926 1086 1000 1152 fidei
1022 1085 1125 1152 titulo.
1167 1086 1286 1150 Murcus
1315 1104 1425 1149 umu:
1457 1083 1527 1167 Ego
1557 1088 1635 1150 duas

325 1196 453 1256 naturas
487 1211 555 1254 esse
586 1191 669 1267 dico,
699 1210 795 1253 unam
824 1190 940 1253 bonam
975 1190 1008 1251 et
1036 1185 1167 1251 alteram
1196 1183 1324 1264 malam,
1355 1189 1387 1249 st
1416 1206 1485 1250 sam
1508 1185 1636 1269 quidem

325 1314 406 1375 quae
428 1292 512 1355 bona
539 1291 645 1354 estin
672 1287 862 1372 quibusdam
883 1286 1026 1371 partibus
1048 1286 1203 1366 habitare
1233 1283 1350 1349 mulam
1380 1306 1455 1351 vero
1482 1288 1636 1350 assatam

325 1392 478 1455 mundum
505 1390 591 1454 hunc
625 1410 720 1472 quam
748 1389 854 1452 omnia
885 1409 966 1471 quae
987 1387 1020 1451 in
1043 1408 1079 1451 co
1101 1389 1183 1459 sunt,
1206 1406 1287 1468 quac
1310 1385 1401 1469 quasi
1423 1383 1581 1468 ergastula
1601 1385 1635 1447 in

324 1494 413 1573 parte
435 1489 569 1573 maligni
589 1489 695 1572 posita
715 1493 801 1566 sunt,
823 1489 905 1553 sicut
925 1487 971 1551 uit
991 1485 1157 1552 lohannes:
1189 1490 1277 1549 ittae
1297 1488 1427 1548 mundar
1447 1489 1483 1548 ire
1502 1488 1636 1565 maliano

275 1602 309 1656 10
324 1600 369 1654 est
387 1595 521 1670 positus,
552 1594 583 1654 et
612 1610 677 1654 non
706 1589 740 1653 in
767 1591 834 1652 deo.
876 1586 1048 1670 Propterea
1077 1587 1139 1650 duo
1169 1584 1241 1649 loca
1266 1606 1334 1649 esse
1357 1583 1507 1657 diximus,
1538 1585 1674 1647 unum?

325 1689 444 1754 bonum
466 1689 615 1753 statium
637 1688 767 1768 malum,
798 1688 855 1771 qui
877 1691 965 1751 extra
987 1707 1057 1750 eum
1080 1691 1141 1764 cst,
1172 1691 1209 1749 ut
1229 1684 1263 1748 in
1284 1683 1333 1747 bis
1354 1683 1493 1767 spatium
1515 1683 1636 1747 habens

326 1792 434 1872 posset
455 1788 488 1853 in
509 1811 543 1854 se
564 1786 723 1871 suscipere
745 1792 921 1852 creaturam
941 1785 1059 1851 mundi.
1103 1784 1137 1849 Si
1159 1785 1243 1849 enim
1264 1783 1399 1848 dicimus
1419 1781 1635 1847 monarchiam

326 1888 419 1953 unius
441 1891 571 1953 naturae
593 1892 625 1953 et
646 1888 752 1953 omnia
773 1889 867 1952 deum
888 1885 1009 1969 replere
1032 1890 1063 1949 et
1084 1883 1205 1948 nullum
1229 1904 1297 1947 esse
1318 1885 1502 1947 extraneum
1522 1882 1636 1963 locum,

327 1990 398 2072 quis
420 1988 480 2052 erit
501 1993 661 2052 creaturae
688 1991 870 2071 susceptor?
905 1986 962 2051 ubi
992 1987 1136 2070 gehenna
1157 1984 1263 2068 ignis?
1297 1983 1354 2048 ubi
1383 1983 1530 2046 tenebrae
1552 1986 1636 2047 exte·

276 2101 309 2154 15
327 2088 444 2153 riores?
474 2088 530 2152 ubi
555 2086 667 2153 fletus?
698 2086 734 2152 ln
759 2087 830 2170 ipso
861 2086 984 2151 dicam?
1019 2084 1126 2159 Absit3
1159 2083 1301 2167 alioquin
1328 2082 1422 2146 etiam
1443 2083 1511 2164 ipse
1533 2082 1566 2145 in
1587 2082 1672 2146 hist

325 2188 444 2272 pariter
465 2187 663 2252 cruciabitur.
707 2185 783 2251 Non
804 2185 866 2250 ista
887 2184 1030 2250 sentiatis
1053 2183 1244 2268 quicumque
1258 2181 1370 2246 salutis
1384 2185 1507 2246 vestrae
1529 2203 1635 2246 curam

325 2275 455 2371 geritis?
485 2285 663 2369 exemplum
695 2287 778 2350 enirn
804 2285 895 2349 vobis
919 2284 1035 2363 dicam,
1065 2288 1102 2347 ut
1130 2281 1254 2366 plenius
1284 2280 1485 2364 intellegatis.
1529 2279 1636 2346 Unum

220 2394 223 2399 ’
323 2409 379 2451 vas
401 2391 449 2451 est
469 2387 619 2462 mundus3
649 2387 735 2468 quod
765 2385 793 2448 si
823 2383 874 2448 dei
895 2383 1073 2448 substantia
1100 2386 1202 2447 totum
1223 2383 1285 2446 hoc
1305 2403 1361 2445 vas
1383 2379 1529 2464 replevit,
1557 2402 1636 2465 quo-

324 2488 418 2552 modo
440 2486 504 2548 iam
525 2484 681 2568 potestis
703 2484 774 2567 ipso
795 2505 868 2548 vass
890 2481 1013 2566 aliquid
1035 2480 1171 2564 amplius
1193 2479 1325 2564 reponi?
1347 2478 1381 2544 Si
1402 2478 1566 2563 repletumx
1580 2478 1674 2557 est4

273 2595 308 2652 20
326 2588 484 2669 quomodo
506 2582 659 2667 suscipiet
678 2585 764 2667 quod
786 2582 926 2666 ponitur,
956 2581 1019 2646 nisi
1048 2584 1218 2646 evacuetur
1244 2583 1283 2645 de
1308 2602 1383 2645 usse
1408 2602 1482 2662 pars
1508 2580 1636 2664 aliqua?

324 2686 391 2750 Aut
416 2705 480 2769 quo
501 2682 646 2767 proficiet
668 2685 753 2767 quod
779 2682 995 2757 evacuabitur,
1027 2703 1100 2747 cum
1130 2679 1219 2746 locus
1250 2702 1315 2745 non
1345 2679 1407 2745 sit?
1438 2679 1503 2746 Ubi
1533 2684 1636 2745 terra?

326 2786 382 2849 ubi
403 2782 545 2849 caelum?
573 2783 629 2847 ubi
650 2781 803 2865 abyssus?
833 2781 889 2846 ubi
910 2780 1040 2847 stellae?
1071 2780 1126 2845 ubi
1148 2782 1257 2845 sedes?
1287 2780 1343 2844 ubi
1363 2784 1557 2863 potestates?
1578 2779 1634 2845 ubi

326 2883 505 2968 principes?
534 2882 590 2946 ubi
619 2884 767 2947 tenebras
795 2880 984 2946 exteriores?
1016 2880 1086 2965 quis
1112 2884 1161 2946 est
1186 2880 1242 2964 qui
1263 2881 1375 2945 horum
1395 2879 1502 2963 posuit
1523 2878 1636 2944 funda·

324 2988 440 3063 menta,
463 2988 495 3047 et
515 2982 590 3048 ubi?
611 2979 686 3047 Non
708 2986 813 3064 potest
833 2980 949 3064 uliquis
971 2981 1086 3061 dicere,
1115 2981 1177 3045 nisi
1202 2980 1284 3045 forte
1304 2979 1509 3063 blasphemet
1552 2976 1674 3055 Quo-s

274 3092 308 3146 25
326 3086 420 3149 modo
451 3087 556 3147 autern
588 3087 620 3146 et
641 3083 774 3147 condere
796 3080 901 3165 potuit
920 3085 1093 3160 creaturas,
1122 3103 1188 3147 non
1209 3079 1399 3145 subsistente
1420 3080 1572 3145 materia?
1602 3076 1636 3142 Si

326 3183 409 3247 enim
438 3185 476 3247 de
506 3203 569 3247 non
600 3181 792 3257 extantibus,
823 3185 1033 3264 consequatur
1061 3181 1118 3246 has
1145 3178 1286 3244 visibiles
1309 3183 1468 3245 creaturas
1490 3177 1635 3244 meliores

326 3305 393 3349 esse
416 3287 447 3347 et
468 3283 615 3347 omnibus
636 3281 805 3346 virtutibus
827 3280 944 3365 plenas
987 3279 1079 3356 Quod
1101 3280 1128 3343 si
1149 3278 1271 3344 mulitia
1292 3283 1348 3359 est,
1380 3282 1411 3343 et
1431 3300 1517 3344 mors
1538 3278 1571 3342 in
1591 3278 1636 3344 eis

326 3389 358 3447 et
378 3383 538 3466 corruptio
562 3386 593 3446 et
613 3380 640 3445 si
663 3381 739 3465 quid
761 3382 845 3446 bono
872 3378 1064 3445 contrarium
1090 3383 1150 3458 est,
1182 3382 1342 3462 quomodo
1373 3401 1411 3443 cx
1441 3377 1503 3444 alia
1523 3381 1635 3442 natura

325 3482 425 3547 iactas
448 3504 515 3547 esse
537 3504 589 3546 sas
611 3481 764 3547 dicimus?
801 3479 835 3545 Si
855 3502 931 3545 uero
953 3478 1157 3545 consideretis
1180 3481 1340 3562 quomodo
1369 3483 1557 3562 generentur
1577 3476 1673 3542 filiic

275 3590 309 3646 30
326 3582 498 3658 bominum,
519 3580 686 3645 invenictis
707 3603 771 3645 non
793 3602 861 3645 esse
883 3583 977 3645 deum
999 3578 1135 3643 bominis
1159 3584 1342 3656 creatorem3
1369 3580 1425 3642 sed
1447 3576 1558 3655 alium,
1580 3576 1636 3661 qui

326 3685 358 3744 et
387 3681 455 3764 ipse
484 3681 643 3764 ingenitae
674 3684 721 3744 est
750 3684 892 3758 naturae,
922 3679 1012 3743 cuius
1042 3678 1186 3743 conditor
1215 3675 1322 3742 nullus
1351 3698 1410 3742 nec
1432 3682 1556 3743 creator
1577 3698 1636 3740 neo

412 3829 496 3895 seor.
516 3828 576 3883 Gal.
594 3831 619 3895 4,
637 3829 654 3883 3
672 3859 704 3868 —
722 3830 742 3883 9
760 3828 772 3879 1
790 3828 847 3882 Ioh.
867 3829 890 3894 5,
907 3829 939 3883 19

414 3931 469 3986 GM

411 4033 512 4089 andei
530 4031 681 4101 credentes]
700 4031 815 4086 fidentes
832 4029 867 4082 M
894 4031 898 4097 Ι
930 4028 1106 4098 4dixeruut]
1125 4046 1176 4083 aaa
1195 4028 1266 4084 dixit
1282 4045 1353 4084 corr.
1375 4029 1441 4097 0³1
1469 4028 1568 4096 adhuc]
1582 4028 1636 4082 hoc

325 4118 361 4172 M
388 4122 391 4185 Ι
424 4117 603 4174 tdoctrinae
620 4118 695 4187 tuas]
715 4115 842 4171 doctrina
858 4113 954 4169 tuaM
973 4116 977 4179 Ι
1001 4114 1119 4169 tunam
1135 4112 1299 4182 ..alteram]
1319 4116 1347 4168 et
1364 4132 1420 4168 non
1438 4129 1521 4167 unam
1533 4112 1635 4168 bonam

326 4206 354 4257 ct
371 4201 406 4254 M
434 4204 437 4270 Ι
472 4202 511 4257 1⁰
529 4204 571 4257 est
587 4202 693 4273 positus
710 4201 747 4271 et]
765 4199 870 4271 positus
887 4202 930 4253 cst
947 4197 982 4251 M
1009 4198 1013 4263 Ι
1049 4197 1084 4252 ll
1113 4197 1216 4252 mulum
1234 4209 1267 4257 <
1288 4198 1312 4253 0
1334 4196 1466 4251 oiclteiett
1483 4198 1535 4251 mit
1552 4196 1636 4251 ucat

326 4287 329 4355 Ι
359 4287 388 4341 in
406 4286 494 4346 <M
521 4288 525 4353 Ι
557 4287 629 4355 auct
656 4286 699 4340 his
717 4293 749 4349 -Ι-
767 4284 814 4355 qui
841 4287 919 4338 extra
942 4283 1045 4337 bonum
1069 4281 1162 4337 cstM
1191 4284 1195 4350 Ι
1229 4282 1266 4337 12
1294 4283 1380 4352 possit
1397 4282 1431 4335 Μ
1459 4283 1464 4349 Ι
1498 4282 1533 4338 la
1558 4283 1636 4336 extra

326 4372 433 4427 eumO
462 4375 466 4439 Ι
500 4374 538 4428 ld
562 4371 733 4426 crucisb*tur
756 4371 837 4437 (aiat
854 4367 1068 4433 rewadiato
1096 4368 1101 4434 Ι
1136 4367 1174 4423 18
1192 4365 1215 4419 ai
1233 4366 1310 4426 <O
1339 4368 1343 4433 Ι
1377 4366 1416 4423 l?
1442 4366 1605 4437 repletnsO
1631 4364 1635 4434 Ι

327 4458 365 4513 sl
384 4456 470 4525 locus]
490 4456 564 4511 solus
583 4456 617 4509 Μ
645 4457 649 4523 Ι
683 4455 722 4511 211
747 4455 819 4509 cart
836 4453 970 4526 principes
989 4459 1020 4515 -Ι-
1039 4450 1133 4505 muudi
1153 4451 1187 4504 Μ
1215 4453 1219 4519 Ι
1252 4451 1292 4506 24
1319 4450 1429 4521 aliquis]
1447 4450 1554 4520 aliquid
1571 4449 1606 4504 Μ
1631 4450 1635 4519 Ι

325 4541 498 4612 blasphemet
515 4542 586 4596 forte
604 4540 638 4593 M
651 4560 687 4588 ω
704 4539 752 4593 M²
783 4543 787 4607 Ι
819 4539 857 4595 26
881 4538 1080 4606 consequenter
1105 4536 1128 4590 Ο
1157 4537 1162 4604 Ι
1195 4535 1325 4605 visibiles]
1347 4536 1404 4590 uile
1426 4535 1479 4590 sibi
1496 4535 1532 4589 M
1557 4536 1563 4601 Ι
1595 4534 1632 4589 27

326 4642 384 4681 esse
401 4635 434 4684 <
452 4624 487 4678 Μ
514 4627 518 4692 Ι
552 4624 591 4679 28
609 4624 681 4678 noct
700 4622 837 4693 quomodo
858 4630 890 4685 «Ι-
907 4640 964 4677 non
982 4619 1016 4673 M
1038 4620 1044 4684 Ι
1076 4620 1114 4676 29
1134 4621 1222 4675 factas
1241 4663 1247 4675 .
1266 4663 1273 4675 .
1292 4664 1297 4675 .
1317 4660 1324 4673 .
1343 4619 1466 4689 dicimus]
1486 4620 1560 4674 factu
1578 4634 1636 4673 csse

326 4709 447 4764 dicemus
465 4708 499 4762 M
527 4711 532 4778 Ι
565 4710 604 4765 80
621 4708 781 4778 creatorem]
800 4707 970 4763 conditorem
989 4706 1023 4758 M
