3726 5568
658 550 730 603 Acta
747 546 875 603 Archelai
891 547 987 603 LXIII.
1005 548 1101 603 LXIV.
1495 553 1535 617 93

229 719 321 786 bonis
342 717 404 784 sibi
425 717 582 783 derelictis
604 715 750 782 omnibus
772 716 819 780 uti
841 715 944 800 coepit
966 721 997 781 et
1018 716 1167 801 migravit
1190 719 1231 781 ad
1245 718 1383 782 medium
1399 715 1535 781 civitatis

228 821 335 886 locum
356 819 390 883 in
412 840 475 903 quo
497 817 645 882 manebat
665 838 719 881 rex
734 815 902 881 Persarum
925 821 956 881 et
979 821 1172 881 commutato
1187 816 1249 881 sibi
1271 817 1399 882 nomine
1420 816 1536 880 Manen

230 924 330 985 semet
347 917 452 1002 ipsum
473 939 531 1001 pro
553 915 699 982 Corbicio
721 914 901 1000 appellavit,
922 938 980 981 nec
1001 916 1125 996 Manen,
1146 919 1202 981 sed
1222 917 1347 999 Manes3
1369 915 1537 981 Persarum

231 1019 314 1083 enim
335 1016 524 1101 linguatuli
545 1017 645 1081 utitur
666 1014 883 1081 declinatione.
926 1015 1068 1082 Effectus
1089 1016 1189 1100 igitur
1209 1039 1287 1100 puer
1307 1016 1362 1081 ille
1384 1037 1538 1080 annorum
1557 1033 1576 1087 4

196 1126 212 1178 5
230 1141 327 1202 prope
349 1116 521 1200 sexaginta,
544 1117 685 1181 eruditus
706 1119 880 1181 secundum
894 1114 1071 1181 doctrinam
1087 1137 1168 1200 quae
1188 1115 1222 1181 in
1242 1116 1321 1182 locis
1342 1115 1407 1181 illis
1429 1120 1486 1193 est,
1508 1117 1539 1178 et

228 1239 328 1301 paene
351 1216 483 1282 dixerim
505 1238 599 1300 super
620 1237 746 1280 omnem
761 1216 928 1293 hominem,
950 1215 1134 1299 diligentius
1152 1221 1259 1280 tamen
1274 1237 1311 1279 ea
1326 1214 1539 1299 didicit‘quae

230 1316 348 1382 inillis
370 1320 520 1401 quattuor
541 1313 658 1380 libellis
681 1315 936 1396 continebantur3
963 1316 1134 1399 adquisivit
1160 1316 1256 1379 etiam
1277 1316 1344 1398 ipse
1366 1312 1539 1398 discipulos

230 1424 302 1496 tres,
325 1438 459 1501 quorum
482 1416 611 1481 nomina
632 1420 707 1480 sunt
727 1415 817 1480 haec:
843 1412 989 1490 Thomas,
1012 1416 1122 1480 Addas
1143 1418 1176 1479 et
1196 1413 1340 1480 Hermas.
1375 1412 1465 1479 'I'uuc
1486 1416 1576 1483 aaa

231 1517 328 1582 sumit
349 1515 422 1580 illos
444 1513 569 1580 libellos
592 1520 623 1579 et
643 1514 794 1579 mansfert
815 1536 876 1589 eos,
897 1515 943 1578 ite
963 1520 1000 1580 ut
1020 1514 1121 1580 multa
1143 1513 1205 1579 alia
1226 1536 1264 1579 ex
1285 1515 1472 1596 semetipso
1493 1514 1541 1577 in·

181 1620 214 1673 10
231 1620 348 1682 sereret
370 1616 423 1694 eis,
446 1637 526 1699 quae
547 1614 684 1679 anilibus
706 1613 823 1679 fabulis
845 1613 962 1679 similia
983 1619 1064 1679 sunt
1107 1613 1255 1680 Habebat
1280 1633 1356 1698 ergo
1377 1619 1441 1679 tres
1462 1614 1541 1677 istos

232 1713 406 1799 discipulos
429 1715 571 1780 conscios
592 1714 749 1779 malorum
770 1734 913 1795 suorum3
936 1736 1049 1779 nomen
1068 1736 1143 1780 vero
1164 1713 1282 1779 libellis
1303 1715 1465 1798 proprium
1487 1714 1540 1775 ad-

231 1816 350 1893 scribit,
371 1815 486 1898 prioris
507 1815 635 1880 nomine
657 1812 769 1891 deleto,
792 1817 954 1898 tamquam
976 1815 1004 1878 si
1025 1836 1079 1879 eos
1101 1813 1187 1879 solus
1209 1837 1246 1878 ex
1261 1815 1444 1896 semetipso
1467 1834 1541 1877 con-

232 1915 399 1998 scripserit
441 1912 531 1979 Tunc
552 1915 655 1979 visum
677 1917 725 1978 est
747 1914 776 1977 ei
798 1913 923 1977 mittere
945 1912 1116 1997 discipulos
1131 1935 1205 1979 suos
1220 1936 1292 1979 cum
1307 1914 1356 1978 his
1372 1934 1452 1996 quae
1468 1924 1578 1977 con-o

232 2016 400 2098 scripserat
419 2015 454 2078 in
474 2013 592 2078 libellis
614 2016 655 2076 ad
675 2014 837 2097 superiora
857 2013 957 2096 ipsius
979 2015 1159 2097 provinciae
1181 2013 1253 2079 loca
1276 2019 1307 2079 et
1328 2032 1384 2096 per
1402 2011 1542 2076 diverses

181 2124 215 2177 15
232 2116 374 2180 civitates
397 2114 549 2191 etnicos,
571 2119 607 2177 ut
627 2112 757 2177 haberet
783 2111 906 2196 aliquos
934 2134 968 2178 se
994 2118 1173 2197 sequentem
1200 2118 1232 2177 et
1253 2112 1391 2203 Thomas
1413 2113 1541 2195 quidem

231 2219 336 2298 partes
357 2214 498 2297 Aegypti
517 2213 618 2278 voluit
640 2232 803 2294 occupare,
825 2211 933 2276 Addas
955 2233 1028 2277 vero
1052 2211 1207 2295 Scythiae,
1229 2213 1315 2278 solus
1337 2216 1443 2277 autem
1462 2209 1540 2275 Her÷

232 2336 300 2378 mas
321 2314 457 2377 residere
479 2335 551 2377 oum
573 2334 609 2377 eo
632 2310 737 2395 elegit.
778 2309 859 2376 Cum
882 2330 957 2395 ergo
984 2311 1034 2376 illi
1056 2317 1160 2378 essent
1179 2313 1329 2396 profecti,
1351 2313 1435 2395 regis
1457 2310 1576 2376 filius?

233 2413 429 2497 aegritudine
452 2412 588 2496 quadam
618 2414 766 2494 adreptus
788 2416 847 2488 est,
879 2433 972 2495 quem
995 2433 1048 2475 rex
1071 2434 1180 2476 curare
1202 2413 1380 2477 desiderans
1404 2413 1542 2476 edictum

233 2513 407 2597 proposuit,
428 2513 574 2589 invitans,
595 2512 712 2595 siquis
734 2533 806 2575 eum
822 2532 929 2576 curare
944 2516 1060 2594 posset,
1088 2513 1257 2592 accederet,
1278 2512 1419 2596 praemio
1441 2511 1542 2576 multo

183 2619 218 2672 20
235 2612 406 2696 proposito.
450 2610 539 2676 Tunc
559 2612 633 2691 iste,
655 2611 738 2675 sicut
758 2609 807 2674 illi
830 2611 884 2694 qui
906 2613 1022 2676 cubum
1049 2613 1147 2695 (quod
1168 2633 1283 2677 nomeu
1306 2616 1353 2677 est
1375 2611 1473 2693 aleae]
1494 2609 1542 2675 lu·
1561 2619 1579 2673 8

236 2715 309 2776 dere
330 2711 441 2793 solent,
462 2712 672 2795 praesentiam
693 2711 744 2774 sui
764 2709 875 2774 Manes
898 2711 1026 2775 exhibet
1045 2713 1129 2794 apud
1150 2731 1271 2796 regem,
1295 2712 1401 2777 dicens
1421 2733 1454 2775 se
1476 2731 1543 2774 esse

235 2834 367 2895 puerum
392 2815 587 2886 curaturum3
609 2831 690 2893 quae
706 2831 778 2874 cum
793 2810 932 2874 audisset
947 2832 1013 2891 rex,
1038 2812 1177 2894 suscepit
1203 2834 1275 2876 eum
1297 2834 1368 2876 cum
1390 2812 1543 2894 obsequio

236 2933 273 2977 ac
293 2911 428 2975 libenter
449 2909 566 2974 habuit.
611 2908 730 2974 Verum
751 2931 791 2973 ne
812 2908 913 2973 multa
934 2913 1091 2975 uenando
1114 2932 1194 2994 quae
1216 2912 1314 2995 gessit
1328 2911 1468 2975 taedium
1490 2933 1543 2974 au-

236 3011 390 3075 ditoribus
411 3011 558 3086 inferam,
583 3014 726 3074 mortuus
748 3013 795 3073 est
816 3030 895 3092 puer
915 3010 949 3073 in
970 3010 1116 3075 manibus
1139 3011 1205 3074 eius
1226 3010 1276 3075 vel
1297 3012 1403 3093 potius
1426 3010 1544 3074 extinc-

184 3121 218 3176 25
236 3115 295 3175 tus.
331 3108 422 3175 Tunc
443 3131 496 3173 rex
517 3110 552 3173 in
573 3129 729 3173 carcerem
744 3109 869 3173 detrudi
891 3109 979 3173 iubet
1000 3108 1117 3174 Manen
1139 3116 1171 3175 et
1188 3110 1263 3175 ferri
1278 3110 1398 3175 talento
1413 3110 1543 3175 onerari
1562 3119 1581 3173 9

236 3209 288 3274 llli
310 3231 383 3275 vero
409 3211 471 3274 duo
493 3207 641 3291 discipuli
663 3208 729 3273 eius
752 3208 806 3292 qui
827 3209 916 3273 missi
938 3209 1063 3274 fuer-ant
1084 3213 1315 3275 adducendum
1334 3207 1545 3293 persingulas

238 3309 381 3375 civitates
402 3307 632 3392 quaerebantur
661 3306 699 3371 ad
730 3329 878 3391 poenam,
908 3310 1038 3392 quique,
1069 3310 1226 3393 fugientes
1255 3309 1342 3388 licet,
1372 3330 1545 3392 numquam

330 3572 411 3630 cun
427 3573 610 3642 cinaeus)

323 3808 469 3862 tmunem
490 3806 546 3863 ΟΜ
573 3809 578 3873 Ι
611 3808 696 3862 llam
714 3808 798 3862 chd
814 3811 904 3864 mutat
921 3826 1022 3864 nomeu
1043 3810 1082 3866 Οἳ
1113 3813 1117 3879 Ι
1150 3810 1259 3866 laceb
1282 3812 1394 3867 effeetus
1413 3818 1445 3875 -Ι
1463 3814 1506 3865 est
1524 3811 1552 3865 F

240 3900 242 3911 '
283 3893 300 3948 5
327 3893 378 3961 est]
401 3894 473 3947 esset
498 3891 532 3946 M
565 3894 569 3961 ]
610 3896 639 3947 et
665 3902 698 3951 <
725 3892 784 3947 MF
820 3894 825 3960 Ι
866 3897 884 3949 a
911 3912 944 3949 ea
970 3895 1077 3965 didicit]
1108 3896 1179 3951 haec
1202 3895 1300 3951 didicit
1330 3897 1354 3951 Ο
1377 3895 1491 3952 edidicit
1517 3895 1551 3949 M

240 3975 337 4030 didicit
353 3993 387 4031 ea
402 3976 431 4028 F
451 3978 455 4044 Ι
482 3978 635 4046 lquatuor
652 3976 709 4031 illis
727 3977 755 4031 F
777 3980 782 4041 Ι
807 3978 949 4033 cchcd
966 3978 1146 4050 <disc)iplilos
1164 3981 1293 4050 accquiut
1308 3982 1347 4036 Ο2
1378 3983 1383 4046 Ι
1415 3979 1547 4048 Saddar]

240 4058 314 4113 abda
335 4060 357 4113 T
379 4059 466 4114 abdas
489 4062 542 4128 OF,
561 4064 653 4126 Αδὸᾶς
669 4062 713 4115 bei
729 4062 907 4131 Fprpbcrrius
947 4064 952 4131 Ι
992 4066 1125 4120 ermasO
1163 4068 1167 4134 Ι
1208 4066 1356 4136 assumpsit
1373 4065 1401 4118 F
1438 4066 1442 4133 ]
1483 4066 1549 4121 ilat

242 4144 381 4214 transfert]
404 4148 437 4200 ut
462 4145 625 4202 transferret
650 4147 678 4200 F
710 4147 715 4215 Ι
755 4164 789 4201 ex
815 4158 848 4207 <
878 4148 902 4203 0
939 4149 943 4213 ]
985 4150 1024 4204 12
1051 4149 1190 4220 scripserit
1215 4150 1244 4204 F
1279 4152 1284 4217 Ι
1326 4151 1365 4206 14
1395 4167 1442 4203 am
1467 4150 1550 4204 chd

241 4228 455 4298 praedicandum
473 4229 561 4286 mittit
581 4232 620 4287 Ο1
646 4233 651 4300 Ι
681 4231 776 4301 ipsius]
793 4231 870 4286 illius
891 4233 914 4288 Ο
944 4234 948 4301 Ι
981 4235 1020 4289 lo
1039 4235 1161 4305 aegypti]
1180 4235 1353 4305 egyptiorum
1371 4234 1400 4288 F
1426 4236 1430 4301 ]
1463 4234 1549 4289 abdas

244 4313 294 4368 CF
325 4315 330 4381 Ι
362 4314 496 4386 scythiae]
520 4316 607 4384 scytia
628 4316 652 4371 Ο
672 4315 751 4371 scitis
769 4316 805 4369 M
818 4317 889 4387 syrie
907 4317 943 4383 F,
969 4319 1021 4386 cot.
1040 4320 1111 4373 acce
1129 4321 1170 4385 69,
1188 4321 1222 4374 20
1238 4319 1297 4372 aad
1313 4318 1498 4388 Epiphanius,
1518 4322 1550 4375 12

242 4398 278 4453 17
297 4396 485 4467 illi1cusillic
500 4402 616 4456 como
645 4405 650 4466 Ι
684 4402 721 4456 18
741 4402 874 4456 curario
903 4406 907 4468 Ι
941 4403 979 4457 lu
1002 4402 1135 4474 invitans]
1157 4404 1187 4458 in
1209 4403 1269 4457 uita
1290 4404 1314 4459 Ο
1333 4404 1454 4458 inuitans
1472 4409 1503 4459 ut
1520 4405 1554 4458 Μ

242 4486 244 4539 i
274 4482 361 4551 possit
382 4482 406 4537 Ο
431 4486 435 4552 Ι
468 4485 620 4555 accederet]
640 4485 774 4554 acciperet
795 4485 851 4541 ΟΜ
870 4488 875 4554 Ι
902 4487 1053 4556 praemium
1074 4488 1130 4542 ΟΜ
1149 4490 1154 4556 Ι
1181 4489 1221 4543 20
1238 4491 1298 4541 tum
1319 4489 1375 4543 ΟΜ
1402 4491 1407 4555 Ι
1439 4488 1550 4558 cubum]

242 4565 333 4619 cibum
355 4567 412 4622 ΟΜ
439 4571 444 4632 Ι
477 4570 555 4624 aleae
572 4569 676 4639 ludere]
695 4568 751 4624 tale
769 4569 881 4625 eludere
901 4571 957 4626 ΟΜ
986 4573 990 4638 Ι
1023 4573 1059 4626 21
1081 4573 1132 4642 sui]
1150 4591 1228 4627 suam
1244 4574 1272 4639 Ο,
1292 4574 1403 4628 exhibet
1421 4590 1514 4628 manes
1528 4573 1555 4626 F

242 4652 245 4717 Ι
277 4652 316 4706 22
336 4651 409 4720 quod
428 4653 457 4707 F
483 4654 488 4722 Ι
524 4655 563 4709 28
582 4655 677 4725 gessit]
704 4657 782 4723 gaeta
808 4659 873 4710 sunt
890 4656 918 4710 F
946 4658 950 4724 ]
983 4657 1022 4711 24
1049 4657 1120 4709 oracla
1147 4657 1284 4712 extinctus
1303 4666 1335 4720 -Ι-
1353 4660 1395 4712 est
1413 4657 1447 4711 Μ
1474 4659 1479 4726 Ι
1512 4659 1551 4714 25

242 4751 350 4789 carcere
368 4737 396 4790 F
424 4740 429 4806 Ι
462 4755 571 4801 manem
590 4739 624 4792 Μ
652 4741 656 4807 Ι
688 4757 734 4793 um
753 4740 835 4794 Rcud
856 4757 931 4795 nunc
948 4758 1056 4796 carcere
1073 4743 1200 4797 trudetur
1220 4742 1259 4798 Ο2
