3726 5568
334 533 374 596 48
899 527 1084 597 Hegemonius

334 720 353 760 a
374 699 442 762 deo.
477 693 652 760 Exultabat
675 715 750 780 ergo
772 717 857 761 mors
879 702 911 761 et
932 720 1003 762 cum
1025 696 1113 760 omni
1133 698 1289 779 potestate
1309 693 1463 778 regnabat
1484 696 1644 777 usquead

334 797 480 880 Moysen,
511 795 607 859 etiam
629 796 662 859 in
684 816 738 859 eos
760 795 815 880 qui
845 819 907 862 non
939 798 1154 880 peccaverant,
1183 794 1244 859 boc
1275 795 1370 859 modo
1402 815 1465 877 quo
1496 794 1644 871 diximus3

333 916 427 979 super
455 898 635 979 peccatores
665 896 792 978 quidem
821 895 911 960 velut
939 896 1085 980 proprios
1115 894 1239 978 sibique
1268 893 1438 973 subiectos,
1470 892 1554 959 sicut
1584 893 1644 957 fuit

334 994 412 1061 Cain
435 1000 467 1059 et
487 993 595 1074 Iudas,
615 1016 711 1078 super
730 994 831 1060 iustos
853 1017 927 1061 vero
949 999 1079 1079 propter
1099 995 1168 1073 boc,
1191 998 1276 1079 quod
1298 1016 1363 1060 non
1377 993 1591 1069 consentirent
1605 994 1680 1073 ei,4

300 1108 316 1159 5
333 1097 410 1178 quin
432 1095 539 1178 potius
560 1095 749 1172 resisterent,
771 1094 969 1159 abscidentes
990 1118 1009 1159 a
1030 1117 1063 1159 se
1085 1094 1255 1160 libidinum
1270 1094 1348 1158 vitia
1369 1098 1401 1157 et
1421 1094 1643 1177 concupiscen-

332 1195 401 1273 tias,
423 1193 510 1258 velut
531 1195 555 1258 ii
577 1195 633 1277 qui
652 1194 778 1258 fuerant
799 1192 838 1257 ab
854 1192 935 1259 Abel
958 1199 990 1258 et
1013 1215 1112 1278 usque
1133 1197 1171 1257 ad
1193 1193 1391 1271 Zachariam3
1412 1195 1446 1257 iu
1465 1192 1543 1259 Cain
1566 1211 1642 1277 ergo

332 1295 455 1376 positus
482 1292 641 1378 malignus
666 1294 827 1358 interemit
848 1293 930 1357 Abel
956 1295 1075 1359 iustum
1102 1300 1134 1359 et
1155 1314 1255 1376 osque
1276 1296 1316 1357 ad
1337 1292 1520 1358 Zachariam
1541 1297 1642 1356 trans·

333 1393 438 1457 ferens
460 1391 526 1476 (se)
547 1415 672 1477 semper
694 1415 792 1478 usque
817 1395 856 1456 ed
878 1398 1003 1476 tempus
1037 1395 1070 1458 in
1097 1392 1216 1459 similes
1237 1392 1333 1458 illius.
1374 1391 1455 1458 Cum
1484 1414 1559 1457 vero
1588 1394 1679 1457 ad·5

332 1493 445 1558 fuisset
465 1492 592 1577 Moyses
615 1496 646 1557 et
666 1492 769 1576 legem
792 1494 930 1557 dedisset
950 1492 1025 1557 filiis
1047 1491 1180 1557 lstrabel
1201 1497 1233 1556 et
1254 1497 1431 1559 revocasset
1452 1493 1497 1558 eis
1523 1494 1557 1557 in
1578 1514 1643 1556 me·

283 1606 316 1660 10
333 1595 467 1659 moriam
493 1614 603 1658 omnes
624 1592 864 1659 iustificationes
888 1593 969 1678 legis
991 1613 1209 1676 quaecumque
1236 1592 1401 1658 observare
1423 1594 1591 1675 oportebat
1612 1595 1644 1655 et

333 1692 445 1768 facere,
465 1713 520 1758 eos
539 1713 612 1756 vero
628 1692 712 1758 solos
728 1693 782 1777 qui
797 1693 1087 1777 praevaricarentur
1100 1692 1204 1777 legem
1218 1694 1314 1758 morti
1332 1694 1477 1771 traderet,
1495 1693 1644 1756 intercisa

335 1797 383 1857 est
412 1814 498 1857 mors
528 1814 567 1856 ne
597 1814 692 1876 super
722 1814 830 1859 omnes
858 1798 1014 1877 regnaret3
1044 1794 1198 1876 regnabat
1226 1794 1311 1858 enim
1340 1813 1435 1875 super
1462 1796 1643 1875 peccatores

333 1891 431 1970 solos,
458 1893 581 1957 dicente
603 1891 663 1957 sibi
683 1892 754 1976 lege
775 1918 813 1958 ne
832 1898 991 1974 corriperis
1015 1899 1070 1957 tos
1098 1893 1154 1975 qui
1175 1913 1245 1956 mea
1265 1896 1432 1976 praecepta
1453 1891 1642 1956 custodiunt.

333 1991 439 2057 Huius
469 2011 545 2076 ergo
575 1993 665 2057 verbi
694 1992 903 2057 ministerium
927 1990 1053 2075 Moyses
1084 1990 1198 2056 detulit
1226 1993 1335 2071 morti,
1365 1991 1503 2074 reliquos
1534 2002 1680 2056 omnesd

283 2105 316 2158 15
332 2091 600 2176 praevaricatores
622 2090 703 2173 legis
734 2090 876 2157 interitui
905 2096 1046 2173 tradens3
1073 2114 1138 2157 non
1170 2093 1255 2157 enim
1285 2115 1343 2176 pro
1372 2113 1422 2171 eo,
1452 2095 1488 2155 ut
1513 2093 1642 2157 omnino

333 2191 529 2267 morsnulla
549 2213 588 2255 ex
609 2194 697 2274 parte
718 2195 873 2275 regnaret,
894 2192 1020 2275 Moyses
1035 2193 1170 2265 advenit,
1192 2213 1264 2256 cum
1279 2192 1388 2275 utique
1402 2190 1532 2275 plurimi
1547 2192 1641 2255 etiam

299 2334 302 2339 «
332 2296 406 2375 post
425 2292 558 2373 Moysen
580 2290 640 2356 sub
661 2291 773 2355 mortis
795 2292 920 2356 dicione
941 2296 1129 2356 tenerentur.
1165 2290 1215 2356 En
1233 2293 1294 2356 boc
1314 2297 1519 2356 ministeriam
1536 2296 1643 2355 mortis
1663 2301 1676 2354 1

332 2389 527 2474 appellatum
545 2394 600 2469 est,
622 2391 772 2473 quoniam
787 2389 849 2455 soli
869 2395 1116 2475 transgressores
1130 2391 1211 2475 legis
1226 2390 1447 2475 puniebantur,
1467 2413 1532 2456 non
1547 2390 1642 2456 etiam

333 2492 577 2568 conservatores,
598 2489 682 2554 sicut
695 2488 778 2553 Abel
800 2489 920 2554 faciens
941 2512 978 2553 ea
1000 2511 1080 2573 quae
1101 2489 1271 2574 legissent
1289 2490 1524 2570 etcustodiens,
1546 2512 1641 2574 quem

281 2589 425 2669 accain,
455 2611 511 2654 vas
537 2588 669 2672 maligni
690 2587 833 2668 effectae,
860 2589 1027 2654 interemit.
1070 2589 1191 2655 Verum
1223 2592 1318 2655 etiam
1346 2596 1420 2675 post
1441 2590 1521 2654 haec
1541 2589 1678 2656 voluit8

332 2712 419 2755 mors
440 2693 569 2773 pactum
591 2691 676 2772 qaod
707 2690 810 2753 fuerat
839 2711 896 2772 per
916 2690 1050 2773 Moysen
1071 2691 1212 2773 positum
1239 2690 1428 2769 rescindere,
1458 2694 1491 2754 et
1511 2710 1642 2774 regnare

333 2793 436 2855 denuo
451 2811 546 2873 super
560 2790 672 2864 iustos3
695 2793 727 2852 et
740 2789 840 2853 inruit
855 2791 983 2873 quidem
998 2790 1031 2853 in
1045 2789 1226 2873 prophetas,
1247 2789 1439 2854 interficiens
1454 2793 1486 2853 et
1498 2789 1643 2874 lapidans

334 2910 387 2954 eos
409 2889 464 2973 qui
486 2889 575 2953 missi
594 2893 683 2952 erant
709 2890 807 2954 adeo
830 2911 929 2973 usque
951 2893 991 2953 ad
1012 2889 1202 2954 Zachariam.
1245 2888 1402 2955 Dominus
1426 2894 1533 2954 autem
1553 2900 1680 2953 meuse

333 2988 429 3066 lesus,
451 2987 604 3052 iustitiam
627 2987 733 3070 Moysi
753 2987 834 3072 legis
856 2991 1045 3069 custodiens,
1066 2990 1247 3073 indignatus
1269 2989 1417 3053 adversus
1438 2994 1572 3055 mortem
1585 3009 1643 3072 pro

282 3101 316 3156 25
333 3088 601 3170 praevaricatione
623 3089 709 3170 pacti
731 3091 763 3151 et
783 3088 882 3153 totius
903 3088 989 3154 illius
1011 3090 1186 3166 ministerii,
1209 3090 1355 3154 advenire
1377 3090 1527 3172 diguatus
1549 3090 1643 3153 estin

333 3187 470 3253 hominis
495 3209 636 3270 corpore,
657 3187 873 3252 vindicaturus
894 3209 958 3253 non
980 3193 1080 3253 semet
1093 3189 1206 3271 ipsum,
1226 3188 1279 3253 sed
1304 3187 1438 3271 Moysen
1460 3192 1492 3253 et
1513 3210 1567 3253 eoa
1589 3186 1644 3271 qui

334 3307 371 3349 ex
394 3286 503 3352 ordine
524 3292 598 3369 post
618 3286 722 3370 ipsum
744 3287 870 3351 fuerant
891 3287 1041 3352 violentia
1062 3290 1173 3353 mortis
1195 3290 1345 3371 oppressi.
1388 3287 1548 3371 Malignus
1570 3310 1644 3352 vero
1663 3302 1702 3356 111

333 3385 486 3469 ignorans
508 3385 728 3453 huiuscemodi
750 3386 1015 3470 dispensationem
1036 3388 1196 3471 ingressus
1218 3391 1266 3453 est
1280 3387 1391 3452 ludam
1413 3392 1449 3452 ut
1462 3409 1519 3471 per
1539 3388 1644 3470 ipsum

334 3484 525 3550 interficeret
546 3508 628 3565 eum,
650 3489 733 3552 sicut
753 3492 845 3551 antea
859 3486 941 3550 Abel
957 3487 1157 3552 interfecerat
1171 3488 1297 3553 iustum.
1334 3487 1396 3553 Sed
1411 3509 1483 3553 cum
1496 3487 1645 3553 intrasset

283 3598 318 3653 30
334 3585 367 3649 in
389 3585 510 3664 ludam,
533 3587 728 3669 poenitentia
748 3590 862 3651 ductus
884 3609 917 3651 se
939 3588 1007 3669 ipse
1022 3576 1200 3670 suspendit,
1219 3593 1349 3672 propter
1368 3590 1453 3671 quod
1476 3587 1521 3650 ait
1541 3608 1643 3651 sermo

334 3685 472 3750 divinus:
512 3691 572 3750 Ubi
600 3697 643 3748 est
671 3709 754 3749 mors
782 3691 905 3750 cr'ctoriu
940 3701 1003 3764 ena,
1039 3693 1094 3751 ubi
1127 3698 1172 3752 est
1196 3712 1279 3751 mors
1314 3693 1429 3752 acuens
1464 3694 1561 3751 turra?
1603 3685 1645 3750 Mt
1664 3693 1699 3746 11

422 3819 437 3872 1
457 3817 533 3872 Rom.
552 3818 577 3882 5,
596 3816 697 3871 12-14
714 3847 747 3855 -
766 3819 784 3874 8
802 3818 902 3872 Matth.
920 3820 961 3885 23,
972 3819 1005 3873 35
1023 3848 1056 3857 -
1076 3818 1115 3874 18
1133 3819 1206 3875 Psal.
1226 3821 1326 3887 104,1s
1343 3849 1376 3857 -
1395 3819 1432 3874 81
1452 3820 1464 3872 Ι
1483 3820 1548 3873 Kor.
1559 3820 1598 3885 15,
1611 3821 1644 3875 55

423 3932 478 3989 ΟΜ

419 4035 437 4091 2
466 4036 530 4106 quo]
549 4036 622 4105 quod
645 4038 668 4090 0
700 4040 705 4105 Ι
738 4037 758 4092 4
786 4055 856 4107 cayn
881 4040 932 4093 aare
957 4039 1058 4093 immor
1075 4040 1108 4093 M
1137 4043 1140 4108 Ι
1173 4039 1240 4094 iuda
1261 4040 1315 4094 GM
1343 4042 1347 4108 ]
1379 4038 1495 4107 avitia]
1514 4038 1644 4107 Zacemri,

334 4121 394 4175 uita
415 4121 471 4177 OM
498 4124 503 4190 Ι
536 4120 692 4177 81111οΜ
719 4124 724 4189 Ι
759 4124 773 4176 l
799 4124 973 4194 transferens]
991 4124 1127 4179 transiens
1144 4125 1235 4179 aaut
1267 4129 1271 4193 Ι
1303 4126 1373 4181 See
1391 4135 1423 4183 <
1445 4123 1501 4177 OM
1528 4125 1532 4191 ]
1564 4123 1594 4176 in
1611 4134 1644 4183 <

334 4205 368 4258 M
389 4207 394 4273 Ι
419 4206 438 4259 8
457 4223 545 4260 moses
563 4208 612 4259 wic
627 4207 832 4275 peretrinatio
852 4210 856 4275 ]
879 4208 954 4279 filiis]
972 4209 1023 4263 filii
1045 4210 1116 4269 0<
1135 4209 1169 4262 M
1182 4228 1228 4263 am
1246 4210 1328 4263 Rand
1345 4210 1379 4263 M
1383 4214 1394 4249 ²
1416 4211 1421 4277 Ι
1446 4210 1486 4263 lo
1504 4208 1645 4262 obseruari

333 4290 460 4343 arreimal
473 4290 657 4358 pescbrieben,
681 4293 731 4345 dos
748 4298 816 4347 erate
839 4292 915 4347 Worl
933 4299 1024 4363 spdlcr
1037 4295 1130 4361 petityt
1148 4294 1182 4347 M
1210 4297 1215 4360 ]
1248 4295 1283 4349 11
1308 4293 1438 4363 traderet]
1456 4295 1470 4347 t
1486 4310 1512 4346 a.
1530 4292 1596 4347 Rae.
1614 4292 1648 4347 M

335 4374 339 4442 ]
370 4373 407 4429 15
435 4373 569 4444 interitui]
587 4377 684 4431 interit
700 4378 776 4432 uto
804 4379 809 4446 Ι
843 4380 881 4435 18
907 4379 1004 4447 utique
1021 4389 1055 4439 <
1072 4379 1107 4432 M
1135 4381 1140 4447 Ι
1171 4379 1244 4432 acels
1270 4379 1353 4432 etiam
1373 4386 1405 4441 -1-
1428 4378 1479 4433 sub
1497 4379 1532 4432 M
1553 4383 1645 4447 spdter

332 4458 425 4525 perilpt
457 4460 461 4525 Ι
495 4460 531 4513 11
551 4478 663 4529 moysen
682 4463 710 4530 (n
727 4463 887 4531 dteryeeot.)
905 4467 967 4533 post
984 4463 1018 4516 M
1031 4484 1067 4513 ‹x›
1085 4464 1133 4517 Μ2
1164 4466 1168 4531 ]
1201 4463 1239 4517 20
1257 4464 1383 4517 effectum
1401 4463 1435 4516 M
1458 4466 1462 4530 Ι
1487 4464 1527 4519 24
1546 4462 1644 4532 moysi]

335 4558 423 4596 mosea
445 4542 488 4607 01
509 4545 598 4613 moysi
615 4544 685 4615 legis
704 4546 738 4599 M
750 4567 786 4596 ω
803 4547 878 4616 Μ’]
911 4548 949 4603 28
967 4549 1052 4619 pacti]
1070 4549 1201 4617 Zceoyrri,
1220 4548 1275 4602 acti
1298 4548 1352 4602 OM
1380 4550 1385 4616 Ι
1418 4550 1455 4603 87
1475 4550 1539 4619 post
1556 4548 1645 4617 ipsum
1698 4601 1710 4629 s

336 4643 369 4680 ex
391 4626 488 4680 ordine
506 4627 541 4681 M
563 4646 632 4683 corr.
650 4631 685 4684 M
689 4635 700 4669 ²
731 4635 735 4699 Ι
767 4631 887 4702 fuerant]
911 4652 929 4687 n
946 4634 1096 4703 iidcrpeacb.
1127 4635 1165 4689 0²
1196 4636 1201 4702 l
1233 4632 1394 4687 uiolentiam
1421 4633 1472 4686 mit
1489 4630 1643 4686 rra-Zeiritai

334 4710 585 4770 duremrrielano
