3768 5566
799 478 870 532 Acin
887 475 1016 531 Archelai
1034 476 1065 530 V.
1559 485 1576 542 Ἰ

265 637 494 730 ύγαθωσύνης
515 646 587 730 θεῷ
610 634 810 711 ύνατίθεσο·
844 633 951 728 ἀρχὴν
981 638 1044 729 γὰρ
1074 647 1130 711 καὶ
1158 645 1256 722 τέλος
1277 647 1331 709 καὶ
1354 638 1417 711 τὸν
1439 638 1576 711 τούτων

268 746 399 828 πατέρα
421 747 495 812 τῶν
515 746 633 811 κακῶν
655 743 710 810 ἐπὶ
732 736 796 810 τὸν
817 737 902 810 θεὸν
923 737 1160 829 ἀναφέρουσιν,
1185 732 1236 809 οῦν
1259 738 1299 810 τὸ
1315 746 1414 824 τέλος
1428 736 1578 827 κατάρας

268 838 371 930 ἐγγύς.
415 832 494 912 οὔτε
516 838 579 927 γάρ
601 843 639 910 ἐν
660 856 734 920 τοῖς
756 845 941 928 εἰρημένοις
964 842 1032 927 <ἒν>
1054 834 1259 928 εὐαγγελίοις
1284 835 1363 929 παρ’
1387 835 1493 910 αύτοῦ
1515 845 1578 911 τοῦ

268 944 422 1028 σωτῆρος
444 935 542 1028 ἡμῶν
563 945 618 1008 καὶ
635 945 753 1026 κυρίου
771 936 874 1027 Ἰησοῦ
889 943 1042 1027 Χριστοῦ
1061 937 1286 1022 πιστεύουσιν,
1309 933 1365 1010 ὅτι
1380 936 1421 1010 ού
1437 938 1579 1011 δύναται

228 1044 410 1124 τ’)δένδρον
439 1038 548 1110 καλὸν
577 1038 730 1127 καρπούς
759 1036 884 1121 κακούς
913 1042 1064 1125 ποιῆσαι,
1096 1032 1174 1107 οῦδὲ
1202 1038 1270 1128 μὴν
1300 1044 1441 1128 δένδρον
1470 1038 1577 1110 κακὸν

267 1137 392 1221 καλοὺς
412 1137 565 1227 καρπούς
585 1142 731 1227 ποιῆσαι.
773 1143 829 1207 καὶ
858 1143 934 1219 πῶς
965 1134 1029 1208 τὸν
1060 1135 1143 1208 θεὸν
1169 1143 1231 1207 τοῦ
1253 1144 1396 1210 Σατανᾶ
1421 1144 1476 1209 καὶ
1504 1144 1614 1211 cuive

266 1243 385 1308 κακῶν
415 1232 524 1308 αύτοῦ
549 1234 762 1327 πραγμάτων
791 1242 900 1326 λέγειν
930 1242 1082 1324 τολμῶσι
1112 1233 1260 1324 ποιητὴν
1289 1243 1345 1307 καὶ
1376 1237 1578 1328 δημιουργὸν

267 1333 455 1425 θαυμάζειν
476 1364 533 1425 μοι
551 1341 733 1425 ἐπέρχεται.
776 1342 832 1407 καὶ
854 1339 925 1406 εἴθε
945 1342 1006 1425 μὲν
1029 1335 1102 1424 ύχρι
1124 1333 1264 1407 τούτων
1285 1338 1435 1423 ἔφθασεν
1461 1333 1578 1409 αύταῦν

267 1433 287 1526 ἡ
311 1444 540 1525 ματαισπονὶα
561 1443 617 1507 καὶ
638 1435 683 1526 μὴ
707 1432 770 1506 τὸν
790 1440 959 1524 μονογενῆ
982 1433 1045 1507 τὸν
1060 1439 1098 1506 ἐκ
1113 1443 1186 1506 τοῦν
1209 1431 1351 1506 κόλπων
1366 1443 1429 1507 τοῦ
1447 1436 1578 1525 πατρὸς

213 1554 249 1606 10
266 1531 463 1620 καταβάντα
495 1534 659 1624 Χριστόν,
691 1541 823 1623 Μαρίας
852 1531 946 1616 τινὸς
976 1532 1132 1623 γυναικὸς
1161 1537 1279 1624 ἔλεγον
1309 1537 1394 1605 εἰναι
1424 1535 1512 1621 υἱόν,
1544 1541 1578 1622 ἐξ

267 1640 407 1727 αἵματος
437 1643 492 1706 καὶ
518 1634 642 1723 σαρκὸς
662 1642 718 1706 καὶ
741 1640 802 1724 τῆς
824 1633 930 1723 ἄλλης
951 1639 1116 1715 δυσωδίας
1137 1641 1212 1705 τῶν
1233 1644 1404 1722 γυναικῶν
1426 1642 1578 1725 γεγεννῆ-

266 1748 356 1807 σθαι.
398 1743 454 1806 καὶ
485 1739 540 1806 ἵνα
568 1735 613 1825 μὴ
645 1734 688 1806 τὰ
718 1734 831 1806 πολλὰ
861 1734 915 1804 διὰ
943 1739 1043 1823 τῆσδε
1070 1740 1130 1824 τῆς
1156 1738 1338 1823 ἐπιστολῆς
1365 1731 1509 1823 γράφων
1531 1740 1614 1817 sice

265 1842 371 1924 μῆκος
399 1830 527 1924 χρόνου
553 1833 699 1922 διασύρω
725 1833 876 1924 σαυτὴν
906 1837 1099 1915 ἐπιείκειαν,
1132 1833 1194 1906 οῦκ
1223 1836 1313 1922 ἔχων
1342 1833 1404 1916 τὰς
1434 1835 1578 1921 φυσικὰς

267 1931 412 2022 φράσεις,
435 1938 490 2006 ἐπὶ
512 1932 649 2017 τούτοις
670 1931 930 2023 άρκεσθὴσομαι.
967 1931 1008 2004 τὸ
1032 1930 1064 2002 δ’
1088 1926 1172 2005 ὅλον
1189 1932 1303 2023 γνώση
1317 1931 1493 2021 παρόντος
1512 1962 1578 2022 μου

209 2052 248 2105 15
266 2033 353 2123 πρὸς
374 2040 419 2117 σε’,
442 2038 507 2123 εἲγε
531 2040 591 2123 τῆς
614 2038 759 2106 σεαυτοῦ
774 2040 945 2123 σωτηρίας
967 2038 1017 2103 ἔτι
1040 2038 1151 2121 φελδη·
1179 2029 1256 2104 οῦδὲ
1279 2031 1341 2122 γὰρ
1362 2028 1487 2120 βρόχον
1508 2039 1575 2104 τινὶ

266 2192 399 2255 misceas
430 2211 532 2273 nequo
561 2191 715 2256 bonitatis
746 2192 805 2257 deo
837 2190 955 2255 inferus
986 2188 1220 2255 contumeliam.
1270 2188 1402 2255 Initium
1432 2190 1578 2275 enimet

266 2292 362 2355 finem
393 2295 425 2355 ei
446 2291 563 2371 horum¹
584 2294 708 2372 putrem
734 2289 891 2356 mulorum
917 2292 1074 2354 addeum
1099 2291 1251 2369 referunt,
1282 2312 1412 2371 ηυονυοι
1436 2292 1511 2368 finis
1536 2299 1578 2352 est

268 2395 416 2454 nmlcdrcto
442 2394 611 2470 proximus.
654 2387 729 2454 Non
759 2391 843 2454 enim
874 2391 907 2454 in
938 2390 987 2454 his
1018 2411 1099 2473 quae
1130 2390 1215 2453 dicia
1244 2393 1318 2453 suni
1343 2389 1378 2452 in
1403 2387 1577 2471 euangeliis

266 2489 432 2555 salvatoris
454 2489 554 2554 nostri
580 2492 612 2552 et
641 2489 762 2554 domini
783 2488 854 2555 lesu
877 2488 996 2554 Christi
1025 2490 1168 2568 eredunt,
1196 2488 1272 2572 quia
1296 2511 1360 2552 σου
1377 2498 1472 2569 potest
1491 2493 1578 2552 arbor

208 2600 248 2655 2ο
265 2594 347 2654 mulsi
367 2594 459 2654 bonos
471 2594 590 2669 fructus
603 2593 707 2668 socero,
727 2612 821 2671 οιηιιι
834 2592 921 2653 arbor
935 2592 1012 2652 bono
1025 2593 1119 2652 mulos
1132 2593 1250 2668 siricius
1269 2592 1373 2667 socero.
1409 2587 1576 2664 Quomodo
1596 2593 1614 2648 ὅ

266 2693 360 2754 deum
390 2688 524 2754 Satanae
557 2692 590 2752 ei
618 2688 775 2753 mulorum
805 2687 873 2752 eius
903 2692 1031 2751 actuum
1061 2689 1215 2754 factorem
1245 2687 1349 2751 dicere
1379 2690 1516 2751 eudcuni
1546 2692 1577 2752 et

266 2790 464 2854 conditorem
484 2787 657 2871 plurimum
678 2787 784 2851 miror.
820 2784 863 2850 Et
884 2790 980 2870 etque
1003 2788 1124 2852 utinum
1146 2809 1184 2851 co
1206 2808 1307 2870 usque
1328 2808 1438 2852 eorum
1453 2787 1576 2852 vanitas

266 2888 461 2972 peruenisset
481 2891 513 2951 et
534 2909 598 2952 non
620 2887 829 2970 unigenitum,
856 2890 910 2967 qui
930 2890 963 2950 dc
981 2892 1079 2968 putris
1100 2890 1219 2950 sinibus
1239 2889 1386 2950 descendit
1406 2884 1575 2966 Christum,

267 2987 384 3053 Murice
407 2985 569 3051 cuiusdam
590 2984 732 3050 mulieris
754 3007 821 3050 esse
844 2987 984 3050 dicerent
1005 2985 1113 3058 filium.
1135 3008 1175 3050 ex
1195 2984 1348 3069 sunguine
1371 2988 1516 3050 eiectus
1539 3008 1577 3051 uc

211 3099 248 3152 ‘223
267 3086 396 3171 reliquis
422 3085 591 3152 mulierum
618 3083 776 3169 spurcitiis
804 3090 996 3170 generatum.
1038 3084 1082 3148 Ei
1111 3089 1147 3148 ui
1175 3107 1215 3149 ne
1244 3084 1381 3168 plurimu
1409 3107 1466 3168 per
1496 3086 1613 3150 huncss

267 3186 435 3269 epistulem
456 3185 592 3251 scribam
613 3190 708 3268 utque
729 3183 763 3248 in
784 3182 1015 3269 longitudinem
1030 3183 1181 3267 temporis
1197 3186 1376 3267 protraham
1391 3184 1576 3266 patientium

266 3294 367 3365 tuem,
398 3308 471 3351 cum
495 3285 574 3350 mihi
599 3306 665 3350 non
686 3285 769 3349 adsit
799 3283 981 3369 eloquentie
1011 3283 1176 3363 naturalis,
1207 3282 1328 3348 sufficit
1358 3282 1420 3347 iste
1451 3284 1575 3349 dixisse.

267 3385 380 3449 Omnia
419 3389 524 3449 autem
559 3402 731 3468 cognosces
773 3404 847 3449 cum
886 3405 1034 3467 praesens
1074 3383 1164 3448 fuero
1200 3383 1283 3465 apud
1322 3384 1368 3461 te,
1407 3382 1435 3446 si
1470 3387 1576 3448 tumen

265 3483 362 3548 saluti
396 3488 469 3548 tuae
504 3505 629 3566 parcere
663 3503 701 3547 ec
730 3483 895 3566 providere
923 3481 1068 3558 festines3
1103 3503 1167 3548 non
1198 3480 1282 3546 enim
1315 3486 1455 3563 Ιαηιιιυιιι
1485 3489 1577 3549 alicui

352 3636 369 3690 2
388 3659 422 3676 =
442 3634 477 3716 1‘7
499 3631 640 3699 necnee
658 3660 690 3671 -
709 3631 728 3685 4
746 3657 779 3673 =
799 3632 837 3688 18
855 3630 989 3696 Martha,
1000 3632 1040 3688 18.
1075 3631 1144 3686 nuk.
1153 3633 1178 3699 6,
1187 3632 1221 3685 43
1239 3661 1272 3669 -
1290 3632 1309 3685 1)
1327 3654 1361 3673 =
1380 3632 1419 3686 28
1438 3632 1577 3702 Joh.1,18
1604 3633 1605 3636 ’

266 3716 676 3783 -1c==2911(0r.7,35

350 3851 436 3907 uon
447 3851 507 3905 unu
522 3850 625 3921 υμνοι.

351 3985 428 4058 ee]
446 3986 578 4040 uoclrdcn
586 3987 656 4040 Acta
673 3986 876 4054 corchccqoi
897 3989 902 4055 Ι
927 3987 966 4043 10
983 3988 1055 4041 ιναοΙι
1072 3984 1133 4041 υἱὸν
1152 3994 1184 4051 -Ι-
1202 3989 1251 4043 καὶ
1272 3988 1365 4041 Oehier
1391 3990 1397 4056 Ι
1426 3989 1460 4043 11
1480 4006 1576 4058 γεγεν·

264 4072 379 4141 νῆσθαι]
397 4069 604 4141 γεγεννημένον
622 4070 712 4125 umor
735 4073 739 4138 Ι
774 4074 812 4127 16
828 4071 898 4138 freis
921 4059 1104 4140 Uensmunq
1127 4073 1131 4139 Ι
1156 4071 1242 4126 deiA
1277 4074 1281 4138 Ι
1314 4071 1386 4126 enim
1405 4081 1437 4132 <
1460 4072 1506 4140 ΟΙ
1537 4073 1572 4128 11

266 4156 347 4211 fidem
365 4158 391 4209 A
405 4157 410 4222 Ι
425 4160 535 4226 patrum
553 4155 587 4209 M
597 4161 601 4222 Ι
617 4156 668 4225 eet]
685 4156 750 4224 fehlt
767 4156 808 4209 im
830 4156 1023 4210 Griechisclrm
1046 4160 1050 4224 Ι
1077 4155 1394 4223 181σΙιιαοΙιεσὶωΙ<
1412 4158 1437 4209 A
1461 4158 1465 4224 Ι
1492 4157 1529 4212 19
1547 4159 1576 4212 et

261 4240 371 4296 -domiui
389 4251 420 4298 <
440 4240 474 4292 M
502 4242 506 4308 Ι
539 4239 597 4294 ium
615 4242 640 4294 A
672 4242 677 4306 Ι
711 4242 801 4309 lesco
826 4240 994 4307 αωφιΙαΙιιλι
1010 4240 1183 4308 ΗιιῚιοοΙολφι
1208 4240 1255 4292 der
1274 4239 1354 4303 δαίων
1375 4241 1421 4294 dcc
1442 4241 1541 4296 Oitcies
1571 4243 1575 4310 Ι

267 4327 308 4380 20
330 4325 434 4378 fructus
451 4323 540 4379 bonos
559 4324 641 4377 nm
660 4326 707 4378 Μ2
737 4331 743 4392 Ι
775 4325 864 4379 mulus
881 4326 906 4375 A
938 4326 942 4391 Ι
976 4324 1013 4378 21
1039 4324 1129 4394 deum]
1148 4341 1200 4377 aus
1222 4326 1296 4379 Cor-r.
1315 4326 1340 4378 A
1359 4324 1500 4380 dominum
1522 4325 1546 4381 0
1571 4328 1575 4394 Ι

267 4412 359 4463 uotum
385 4410 410 4462 A
443 4409 447 4475 Ι
479 4408 614 4463 suetorum
641 4409 664 4464 Ο
693 4412 697 4476 Ι
729 4412 757 4463 ei
775 4418 808 4468 <
830 4408 853 4463 0
882 4409 887 4476 Ι
919 4408 959 4463 211
987 4408 1034 4476 qni
1060 4408 1103 4477 de}
1131 4426 1184 4463 oue
1211 4408 1321 4477 quidem
1343 4427 1413 4463 οων.
1436 4408 1474 4464 0²
1504 4411 1510 4477 Ι
1541 4409 1576 4465 de

267 4503 299 4551 <
317 4494 343 4545 A
375 4492 380 4560 Ι
412 4492 452 4548 24
471 4494 541 4547 noch
559 4492 646 4548 filium
664 4501 696 4557 -Ι-
715 4496 744 4549 ei
761 4495 795 4547 M
823 4497 827 4561 Ι
861 4493 900 4549 25
919 4492 960 4562 nt]
978 4495 1010 4546 tu
1027 4494 1053 4546 A
1076 4494 1080 4561 Ι
1103 4492 1184 4564 pluro
1204 4494 1235 4546 M
1256 4496 1260 4561 Ι
1286 4493 1325 4549 26
1344 4492 1438 4563 eique]
1456 4510 1527 4562 quoe
1546 4493 1580 4548 Μ

266 4582 270 4643 Ι
302 4578 338 4633 21
368 4595 422 4632 non
441 4578 519 4636 <0
548 4580 553 4645 Ι
585 4578 723 4632 sufficiunt
749 4579 783 4632 Μ
812 4580 815 4645 Ι
849 4577 1093 4647 recognoscere
1125 4579 1129 4645 1
1161 4580 1230 4646 spui
1248 4579 1273 4630 A
1299 4578 1350 4632 wie
1367 4576 1467 4630 immor
1497 4580 1502 4644 Ι
1535 4580 1574 4633 29

265 4679 377 4733 parcere
396 4704 402 4716 .
422 4702 427 4713 .
445 4662 568 4732 festinus]
590 4662 653 4716 sehr
673 4663 741 4730 [τινα
766 4650 946 4729 λ’θυτειλνιιιοη
1538 4656 1542 4663 ’
