3726 5568
613 534 684 587 Aeta
700 533 831 589 Archelai
847 535 1108 591 XXXII-XXXIV.
1477 545 1517 605 47

205 706 241 765 ab
263 707 362 767 Adam
392 728 482 786 usque
511 708 550 769 ud
570 711 694 787 Moysen
720 710 754 768 in
780 728 830 768 eos
855 711 909 787 qui
933 729 996 770 aon
1021 716 1222 787 peecaverunt
1264 707 1384 771 Maras
1404 724 1516 773 Dm'r:

207 801 293 885 Ergo
315 823 399 867 mors
421 802 566 888 regnavit
587 805 654 869 sine
675 803 781 883 dubio,
804 805 878 888 quia
899 805 1034 870 dualitas
1056 809 1116 884 est,
1146 826 1204 870 nee
1225 804 1327 885 aliter,
1357 806 1416 871 nisi
1437 810 1518 872 esset

207 901 355 986 ingenita.
398 903 600 969 manneus
621 923 732 970 amr:
758 903 801 969 Et
823 905 982 987 quomodo
1002 903 1144 989 ingenita
1164 926 1249 969 mors
1271 910 1355 970 certo
1378 925 1416 969 ex
1437 909 1554 971 tem-t

207 1023 283 1083 pore
304 1004 395 1086 regni
417 1001 550 1087 sumpsit
571 1002 755 1068 exordium?
777 1007 817 1070 ab
832 1003 938 1068 Adam
959 1004 1051 1082 enim,
1072 1004 1185 1088 inquit,
1209 1009 1240 1069 et
1261 1024 1325 1069 non
1344 1004 1423 1069 dixit
1444 1010 1517 1070 ante

172 1103 318 1168 bAdem.
338 1102 458 1167 Marsus
479 1122 590 1169 amr:
613 1103 779 1181 Quomodo
801 1126 875 1169 vero
898 1108 930 1170 et
950 1104 1107 1169 iustorum
1129 1109 1161 1170 et
1174 1110 1376 1188 peecatorum
1391 1104 1518 1171 obtinu-

207 1201 266 1267 erit
286 1220 421 1285 regnum
444 1202 548 1268 dieite.
584 1204 788 1269 Asusamus
808 1224 915 1270 nrum:
938 1204 1018 1270 Cum
1032 1204 1121 1290 prius
1136 1205 1298 1269 confessus
1322 1204 1421 1270 fueris
1444 1206 1519 1289 quia

207 1324 245 1366 ex
266 1306 408 1386 tempore
429 1305 461 1366 et
482 1323 547 1366 non
568 1325 607 1367 ex
628 1306 814 1369 aeternitate
834 1304 993 1388 regnavit,
1023 1307 1092 1369 tum
1116 1304 1227 1369 diram.
1269 1303 1387 1369 Marsas
1408 1325 1518 1371 arm:

208 1401 366 1486 Scriptum
388 1407 436 1467 est
457 1405 526 1483 boe,
548 1404 623 1487 quia
644 1408 680 1468 ab
702 1410 914 1486 Adeptusque
934 1410 974 1469 ad
995 1411 1120 1486 Moysen
1140 1409 1279 1485 reperavit
1314 1406 1552 1470 Aacflunsust

207 1521 315 1569 amr:
336 1501 424 1586 Ergo
445 1507 478 1567 et
498 1503 591 1569 finem
615 1503 714 1568 habet
735 1506 821 1587 quod
842 1504 947 1589 eoepit
968 1527 1007 1569 ex
1027 1509 1170 1587 tempore
1191 1508 1223 1568 et
1245 1525 1354 1569 verum
1376 1509 1424 1570 est
1437 1504 1519 1569 illud

157 1617 191 1667 lu
208 1600 292 1685 quod
315 1601 434 1666 dietum
456 1606 512 1683 est,
534 1604 608 1687 quia
630 1609 747 1668 absorta
767 1614 809 1669 eet
829 1627 913 1668 mors
933 1610 969 1668 ia
991 1609 1118 1668 aeteae.
1163 1603 1270 1669 Etiam
1291 1603 1434 1689 ingenita
1454 1627 1519 1670 non

209 1701 267 1766 erit
297 1723 378 1786 quae
400 1707 432 1766 et
453 1701 578 1767 initium
600 1703 716 1767 habere
738 1707 933 1768 monstratur
953 1709 985 1767 et
1005 1702 1109 1768 finem.
1151 1704 1271 1767 Manes
1291 1724 1401 1770 nrxss:
1432 1703 1519 1769 Deus

208 1821 284 1885 ergo
299 1822 369 1865 eam
383 1801 467 1867 feeit.
501 1801 705 1867 Asusamus
717 1822 828 1868 marr:
850 1801 1071 1887 Nequaquam,
1097 1801 1191 1878 absit;
1211 1808 1284 1867 aaa
1296 1809 1378 1869 enirn
1392 1814 1555 1871 mortems

208 1925 270 1966 aaa
287 1904 371 1981 'feeit
401 1925 454 1965 nee
475 1908 598 1966 beatur
622 1908 657 1967 in
677 1908 843 1983 perditione
862 1909 1007 1967 aemam.
1050 1901 1169 1967 Mares
1189 1921 1299 1968 amr:
1329 1902 1417 1966 Deus
1448 1924 1518 1966 eam

208 2021 272 2064 non
293 2000 376 2076 feeit,
399 2001 483 2066 faeta
504 2006 610 2066 tamen
633 2007 688 2082 est,
711 2007 747 2066 ut
769 2002 828 2080 ais3
859 2023 963 2087 aquo
986 2004 1142 2085 acceperit
1162 2002 1319 2086 inperium
1340 2001 1390 2066 vel
1411 2025 1430 2066 a
1452 2023 1517 2085 quo

157 2112 191 2165 15
208 2105 313 2164 ereata
326 2100 368 2164 sit
389 2099 494 2166 dieite.
538 2102 873 2168 numerosarum:
895 2102 930 2168 Si
950 2101 1013 2168 hoe
1035 2101 1214 2186 plenissime
1235 2103 1410 2179 ostendero,
1431 2103 1555 2184 quode

208 2200 418 2265 substantiam
439 2200 599 2285 ingenitae
620 2205 751 2266 naturae
771 2223 857 2267 mors
879 2200 995 2267 habere
1021 2224 1085 2268 non
1110 2202 1224 2286 possit,
1252 2221 1358 2267 noune
1388 2200 1518 2266 eonfite-

209 2299 290 2363 beris
310 2320 408 2363 unum
430 2303 522 2365 deum
544 2321 611 2365 esse
629 2304 661 2365 et
683 2300 977 2386 huneingenitum?
999 2302 1118 2367 Msans
1139 2321 1250 2367 amr:
1271 2299 1423 2386 Loquere,
1444 2300 1518 2366 sub·

208 2398 306 2463 tiliter
326 2398 409 2462 enim
431 2397 477 2462 vis
499 2398 680 2465 discernere.
711 2401 914 2467 Amemus
927 2422 1037 2468 mxrs:
1064 2401 1145 2479 Quia
1159 2408 1195 2468 tu
1209 2401 1305 2467 verba
1318 2400 1374 2466 illa
1387 2402 1433 2465 ita
1446 2422 1519 2484 pro·
1539 2407 1578 2463 lt

209 2496 319 2578 tulisti,
340 2502 503 2582 tamquam
525 2497 584 2564 tibi
605 2500 794 2581 proficerent
815 2500 855 2565 ad
877 2501 1088 2568 ostensionem
1109 2501 1268 2587 ingenitae
1283 2500 1408 2578 radiois3
1430 2500 1519 2565 suffi-

157 2613 193 2668 20
209 2598 297 2662 eiunt
326 2602 432 2663 tamen
458 2598 549 2665 nobis
572 2621 609 2663 ea
631 2621 713 2683 quae
733 2622 829 2684 supra
848 2605 982 2666 traetats
1012 2605 1099 2679 sunt,
1128 2601 1163 2665 in
1193 2601 1308 2685 quibus
1339 2598 1519 2683 plenissime

209 2697 402 2763 ostendimus
432 2698 617 2781 inpossibile
652 2720 721 2765 esse
750 2702 884 2765 duarum
920 2707 1102 2766 naturarum
1137 2700 1350 2784 ingenitarum
1386 2701 1519 2765 existere

208 2819 301 2882 pesse
322 2799 522 2864 substantias.

290 2896 426 2963 XXXIV
447 2896 567 2979 (XXX).
606 2897 740 2964 quruns
760 2919 948 2965 amsauau:
978 2900 1040 2965 Die
1061 2902 1100 2964 ad
1122 2921 1159 2965 ea
1181 2922 1261 2985 quae
1283 2921 1384 2984 nuper
1404 2920 1519 2982 propo·

209 2999 281 3078 suit,
302 3022 321 3064 o
343 2995 506 3062 Archelao.
550 2997 752 3064 Aacmnsm
773 3018 879 3066 amu:
905 2998 1086 3084 Principem
1108 2999 1217 3064 mundi
1239 3003 1271 3063 et
1291 2998 1466 3083 malignum
1488 3002 1520 3063 et

158 3111 193 3165 25
208 3097 354 3163 tenebras
376 3101 407 3161 et
427 3101 563 3163 mortem
584 3120 683 3162 unum
705 3101 902 3183 eundemque
923 3120 990 3164 esse
1012 3099 1089 3165 dieit
1101 3098 1269 3184 legemque
1290 3098 1329 3164 ab
1351 3120 1388 3165 eo
1404 3102 1518 3175 datam,

208 3201 337 3282 propter
358 3197 419 3263 hoe
441 3199 526 3280 quod
547 3197 700 3281 seriptum
721 3201 778 3280 est,
799 3204 1006 3263 ministerium
1025 3205 1141 3278 mortis,
1162 3199 1339 3283 etreliqua
1361 3220 1442 3282 quae
1464 3196 1519 3263 eb·

205 3298 290 3363 ieeit
333 3295 489 3373 Quoniam
510 3295 631 3380 inique,
653 3299 735 3363 sieut
756 3299 899 3381 superius
921 3299 1070 3379 diximus,
1095 3299 1251 3364 maiorum
1276 3295 1446 3363 memoriae
1467 3295 1555 3361 lexa

210 3419 274 3463 non
295 3396 464 3480 diligenter
484 3394 647 3474 haerebat,
677 3396 794 3480 scripta
825 3398 1011 3464 naturaliter
1039 3401 1073 3463 in
1095 3399 1243 3463 sordibus
1264 3418 1385 3473 eorum,
1415 3416 1518 3479 neque

210 3500 294 3580 apud
315 3496 453 3560 seniores
475 3499 541 3559 erat
562 3496 638 3560 satis
661 3496 752 3561 firma
774 3497 914 3577 traditio,
937 3519 1009 3563 eum
1031 3519 1085 3563 eos
1107 3497 1236 3562 inimica
1256 3517 1380 3579 semper
1401 3516 1520 3561 merno-

159 3607 194 3661 30
209 3599 274 3661 riae
295 3596 478 3677 irrepsisset
493 3595 622 3673 oblivio,
643 3600 676 3660 et
697 3595 788 3661 aliter
809 3596 880 3680 quis
895 3600 1038 3664 eruditur
1058 3622 1077 3663 a
1099 3597 1260 3682 magistro,
1282 3595 1374 3661 aliter
1388 3619 1407 3661 a
1421 3600 1520 3660 semet

210 3696 287 3779 ipso,
317 3693 523 3779 proveniebat
556 3694 649 3761 facile
684 3696 763 3779 legis
797 3696 982 3762 naturaliter
1015 3697 1149 3782 scriptae
1183 3699 1390 3781 transgressio
1421 3700 1521 3760 et'ex

210 3796 476 3879 praevarisatione
511 3795 732 3861 mandatorum
768 3815 902 3880 regnum
938 3820 1024 3863 mors
1059 3799 1092 3861 in
1127 3797 1309 3863 hominibus
1344 3795 1520 3871 obtinebet;

210 3895 428 3961 huiuscemodi
454 3899 503 3958 est
523 3894 608 3959 enim
630 3915 731 3979 genus
753 3895 918 3961 hominum
945 3898 1030 3980 qued
1052 3899 1142 3983 virga
1162 3898 1265 3962 ferrea
1285 3897 1355 3979 regi
1376 3897 1519 3979 indigeat
1537 3904 1555 3958 8

212 4094 236 4147 H
254 4094 279 4147 K
295 4013 314 4069 8
331 4011 408 4068 Rom.
426 4014 451 4077 5,
470 4014 503 4066 14
521 4041 553 4048 —
574 4011 612 4066 10
630 4011 643 4063 Ι
661 4012 725 4066 Kos.
745 4014 784 4079 15,
803 4014 836 4067 54
855 4043 888 4052 -
907 4014 946 4069 la
965 4011 1069 4067 Weish.
1087 4013 1143 4068 Sal.
1161 4016 1185 4079 1,
1205 4016 1236 4067 13
1254 4042 1286 4052 -
1305 4012 1343 4066 28
1362 4010 1423 4066 Gal.
1441 4011 1517 4076 3,13.

280 4112 318 4150 or.
336 4098 360 4161 3,
379 4099 394 4151 7

299 4196 354 4249 CM

295 4297 412 4366 tessetl
430 4299 528 4367 Boseth,
547 4302 638 4355 essent
658 4298 714 4355 OM
742 4301 746 4369 Ι
779 4300 943 4355 teumitO
972 4301 976 4367 Ι
1008 4301 1053 4368 dl?
1082 4301 1149 4369 quia
1175 4299 1218 4369 ex]
1246 4299 1293 4367 qui
1311 4298 1373 4353 aG
1402 4298 1406 4365 Ι
1441 4299 1455 4355 t
1484 4313 1518 4351 ex

212 4382 289 4442 <0
317 4392 321 4451 Ι
353 4384 413 4436 tum
431 4393 463 4442 <
482 4383 516 4436 Μ
544 4385 548 4450 Ι
580 4386 600 4440 9
623 4400 658 4439 ex
679 4384 811 4454 ternpore]
830 4384 955 4454 exemplo
972 4384 1047 4440 τοῦ
1075 4387 1079 4453 Ι
1114 4387 1149 4440 11
1173 4385 1276 4440 habere
1298 4383 1466 4437 monstratur
1483 4401 1519 4430 ω

165 4528 171 4536 ‚
212 4465 245 4520 11
272 4468 277 4534 Ι
312 4466 349 4523 le
367 4466 495 4535 ingeniae
517 4469 540 4524 0
568 4470 573 4536 Ι
607 4469 645 4525 18
673 4468 834 4537 disseruere]
856 4469 965 4536 Traube,
993 4469 1096 4524 dissere
1118 4469 1173 4523 OM
1200 4471 1205 4537 Ι
1239 4469 1277 4524 19
1304 4466 1366 4536 tibi]
1385 4466 1518 4535 Zeseuqra,

212 4549 263 4605 sibi
284 4549 341 4605 ΟΜ
368 4550 372 4615 Ι
405 4550 446 4606 21)
471 4551 514 4621 ea]
541 4555 570 4606 et
595 4551 657 4607 αθ
685 4556 690 4620 Ι
723 4554 762 4609 22
790 4554 968 4625 substantias]
995 4570 1048 4608 aas
1073 4554 1256 4608 substantiam
1273 4569 1344 4607 sorr.
1362 4552 1410 4605 M²
1441 4553 1447 4621 Ι
1479 4550 1518 4606 24

150 4628 159 4647 '
212 4634 354 4698 arehelej,
372 4634 437 4691 Bas.
455 4654 507 4690 oon
524 4637 612 4691 einem
629 4638 741 4695 Buetst.
763 4639 787 4694 0
808 4642 813 4708 Ι
846 4641 882 4695 27
903 4638 1006 4709 inique]
1024 4638 1149 4707 iniquam
1169 4638 1193 4693 0
1213 4640 1218 4706 Ι
1241 4638 1280 4694 28
1298 4636 1413 4694 herebas
1430 4637 1519 4706 eripta

216 4719 239 4773 0
265 4722 270 4788 Ι
302 4720 343 4775 80
369 4718 535 4793 irrepsisset]
553 4723 666 4779 ineresis
683 4724 771 4778 setO
