3726 5568
657 540 728 593 Aeta
744 538 873 594 Archelai
889 539 1000 594 XXXV.
1019 539 1142 594 XXXVI.
1514 550 1553 612 51

245 708 327 772 enim
350 706 456 773 omnia
476 730 557 793 quae
578 708 655 773 feeit
675 710 758 774 bona
771 707 863 773 valde
884 709 969 789 feeit,
990 709 1082 774 liberi
1102 708 1224 773 arbitrii
1243 729 1371 774 sensum
1385 709 1555 796 unieuique

245 808 338 886 dedit,
360 830 423 892 qua
443 809 566 874 ratione
588 807 683 872 etiam
704 807 806 892 legem
829 808 938 873 iudicii
960 810 1074 892 posuit,
1101 831 1138 874 ex
1161 831 1198 874 eo
1222 812 1307 893 quod
1327 807 1361 872 in
1382 815 1490 877 nostro
1512 810 1555 877 sit

245 908 373 973 arbitrio
394 908 602 974 constitutum
624 929 753 991 peecare
774 907 825 972 vel
846 931 911 973 non
932 930 1071 992 peecare,
1093 909 1176 973 siout
1197 908 1290 973 etiam
1314 913 1348 971 tu
1372 910 1440 976 sine
1455 911 1552 977 dubio

243 1007 335 1089 nosti,
356 1031 375 1074 o
397 1008 516 1087 Manes,
537 1009 565 1073 si
583 1012 689 1072 tamen
704 1027 877 1092 congregas
892 1008 926 1072 in
941 1030 1039 1073 unum
1055 1008 1227 1092 discipulos
1240 1013 1313 1073 tuos
1328 1012 1359 1074 et
1373 1030 1553 1075 eommones

211 1119 226 1169 5
244 1130 283 1173 ne
298 1106 492 1192 delinquant
511 1130 552 1173 ne
566 1107 688 1193 aliquid
702 1106 817 1172 iniuste
832 1113 952 1192 gerant,
971 1107 1081 1173 iudieii
1093 1108 1198 1193 legem
1212 1109 1429 1192 unusquisque
1444 1132 1553 1176 eorum

244 1208 345 1292 possit
367 1211 507 1273 evadere.
549 1208 593 1273 Et
614 1212 697 1273 eerte
712 1207 767 1292 qui
782 1208 941 1274 voluerint
955 1207 1123 1273 observant
1137 1207 1298 1290 mandata3
1321 1209 1376 1291 qui
1389 1232 1465 1275 vero
1481 1232 1553 1275 eon·
1572 1222 1591 1277 8

244 1309 430 1392 tempserint
451 1313 483 1373 et
503 1308 537 1372 in
558 1329 740 1392 perversum
756 1307 984 1372 declinaverint
1004 1307 1071 1372 sine
1087 1306 1183 1372 dubio
1198 1307 1302 1392 legem
1316 1307 1426 1374 iudicii
1440 1310 1552 1375 ferent.

244 1407 293 1472 Ex
323 1409 384 1473 hoe
413 1408 508 1473 etiarn
540 1407 725 1491 angelorum
748 1408 877 1491 quidem
906 1410 1056 1472 mandato
1078 1406 1129 1472 dei
1155 1428 1220 1471 non
1249 1406 1368 1472 subditi
1396 1408 1555 1476 uoluntati

246 1508 311 1573 eius
333 1507 516 1574 restiterunt
537 1512 569 1572 et
590 1506 705 1590 aliquis
728 1508 856 1591 quidem
879 1510 917 1572 de
940 1506 1041 1587 eaelo,
1071 1510 1234 1591 tamquam
1256 1506 1366 1592 fulgur
1386 1509 1484 1594 ignis,
1507 1532 1555 1576 oe·

195 1612 228 1667 10
245 1606 322 1672 cidit
342 1628 437 1690 super
457 1613 586 1685 terram3
617 1606 671 1671 elii
692 1629 768 1672 vero
797 1608 832 1671 in
862 1607 1014 1672 felioitate
1035 1607 1222 1685 miserabili,
1243 1607 1407 1673 hominum
1429 1607 1555 1675 filiabus

245 1707 384 1785 admixti,
406 1731 425 1771 a
446 1710 582 1774 macone
604 1705 731 1787 adflicti,
762 1706 846 1790 ignis
876 1708 995 1771 aeterni
1024 1728 1160 1791 poenam
1185 1707 1344 1790 suscipere
1365 1713 1554 1774 meruerunt

244 1804 302 1871 llle
322 1806 421 1891 igitur
441 1808 474 1871 in
496 1811 610 1871 terram
634 1805 779 1871 decidens
801 1828 860 1871 nee
882 1807 966 1871 ultra
987 1806 1067 1872 eaeli
1088 1805 1270 1889 regionibus
1297 1806 1452 1872 admissus
1475 1809 1591 1874 interi

245 1906 386 1971 homines
400 1905 568 1987 volutatur,
588 1906 748 1990 decipiens
763 1927 816 1970 eos
831 1909 926 1990 atque
940 1908 1133 1990 persuadens
1147 1905 1209 1970 sibi
1221 1904 1340 1971 similes
1355 1906 1438 1972 effici
1453 1911 1555 1973 trans·

245 2025 416 2090 gressores;
438 2009 470 2070 et
489 2028 590 2090 usque
611 2006 645 2070 in
666 2007 853 2071 hodiernum
875 2006 1073 2072 adversarius
1088 2008 1136 2070 est
1150 2004 1306 2068 mandatis
1322 2005 1381 2070 dei.
1413 2004 1475 2071 Sed
1490 2029 1554 2072 non

195 2118 228 2171 15
245 2126 354 2170 omnes
375 2104 500 2189 lapsum
525 2106 635 2170 ruinae
666 2105 733 2171 eius
765 2109 937 2188 sequentur
964 2128 1022 2189 pro
1053 2127 1091 2170 eo
1122 2106 1208 2188 quod
1233 2104 1404 2188 unicuique
1424 2106 1554 2172 libertae

245 2204 368 2269 arbitrii
389 2210 450 2287 est3
474 2228 511 2271 ex
532 2206 594 2272 hoo
616 2206 699 2271 enim
721 2210 753 2270 et
774 2204 952 2288 appellatus
974 2210 1022 2271 eet
1043 2204 1196 2284 diabolus,
1218 2224 1255 2268 eo
1278 2207 1363 2287 quod
1385 2207 1553 2272 transitum

246 2303 355 2369 feeerit
376 2308 415 2370 de
437 2304 624 2370 caelestibus
647 2310 679 2370 et
700 2307 785 2389 quod
805 2304 839 2368 in
854 2306 947 2370 terris
961 2308 1110 2370 mandato
1126 2304 1177 2369 dei
1191 2304 1385 2370 obtrectator
1399 2307 1554 2373 existeret

246 2402 326 2480 Quia
346 2410 452 2469 autem
474 2408 550 2470 deus
573 2405 615 2470 sit
636 2406 692 2489 qui
712 2406 800 2489 prius
823 2407 1007 2470 mandatum
1029 2405 1125 2485 dedit
1145 2404 1214 2488 ipee
1236 2404 1382 2469 dominus
1401 2404 1488 2471 lesus
1510 2407 1591 2474 aito

246 2506 285 2567 ad
306 2502 479 2570 diabolum:
502 2511 580 2570 Vade
598 2517 667 2587 pest
686 2529 743 2585 me,
766 2509 888 2571 δαίαηα.
922 2505 966 2569 Et
986 2506 1054 2569 sine
1076 2503 1173 2571 dubio
1194 2505 1240 2569 ire
1261 2509 1335 2588 post
1357 2508 1451 2570 deum
1473 2506 1555 2571 servi

195 2612 229 2669 20
246 2608 301 2669 est
336 2603 379 2668 Et
399 2604 513 2669 iterum
536 2609 622 2689 quod
643 2606 688 2670 ait
710 2609 750 2670 ad
772 2627 857 2669 eum:
880 2610 1049 2669 Dominum
1070 2609 1158 2668 mem
1181 2615 1269 2669 mum
1289 2610 1427 2669 merobis
1447 2616 1474 2669 et
1493 2612 1555 2687 obsi

245 2708 304 2767 soli
324 2709 440 2768 semies.
483 2704 640 2781 Quoniam
663 2725 738 2788 ergo
760 2706 1022 2787 obtemperabant
1043 2704 1173 2787 quidam
1198 2704 1362 2769 hominum
1383 2704 1554 2771 voluntati·

245 2800 304 2868 bus
326 2802 438 2886 ipsius,
466 2806 633 2870 audierunt
654 2828 673 2868 a
694 2804 863 2870 salvatore:
893 2808 952 2868 Vos
971 2827 1005 2867 ee
1026 2814 1112 2885 petre
1133 2807 1247 2867 diabolo
1269 2808 1340 2867 estio
1359 2815 1386 2868 et
1409 2809 1554 2870 desidem

240 2908 338 2984 petris
358 2909 448 2968 vestri
466 2909 563 2984 faeere
580 2910 680 2969 valtis.
715 2904 868 2987 Denique,
891 2924 964 2967 eum
979 2903 1101 2967 faoiunt
1114 2901 1293 2967 voluntates
1312 2903 1388 2983 eius,
1409 2904 1554 2970 audiunt:
1572 2917 1591 2972 6

250 3006 407 3067 Omeretio
428 3009 609 3085 tuberes-um,
631 3010 702 3087 quie
721 3008 804 3068 vobis
817 3007 945 3068 ostendit
963 3008 1065 3083 seuere
1078 3007 1115 3066 ab
1128 3008 1177 3066 ire
1189 3008 1337 3067 ventura?
1371 3008 1474 3069 Feee'te
1487 3028 1554 3085 erqo

194 3116 229 3172 ib
244 3105 378 3181 saeelum
398 3108 525 3184 dionem
543 3109 745 3185 poeaitentiue.
787 3103 836 3168 Ex
857 3103 919 3169 hoe
941 3122 1016 3187 ergo
1037 3102 1166 3186 pervide
1189 3106 1307 3186 quanta
1329 3104 1376 3167 vis
1397 3104 1439 3168 sit
1453 3104 1553 3170 homi·

246 3223 318 3266 nem
339 3201 432 3267 liberi
454 3224 522 3267 esse
543 3203 673 3267 arbitrii
716 3204 811 3268 Dieat
832 3209 937 3268 tamen
960 3203 1054 3267 etiam
1077 3202 1144 3285 ipse
1160 3202 1187 3266 si
1201 3206 1249 3267 est
1262 3200 1414 3266 iudicium
1428 3203 1554 3286 piorum

247 3304 278 3365 et
298 3301 465 3385 inpiomm.
496 3300 615 3367 Manae
628 3322 738 3370 uma:
761 3303 820 3367 Est
834 3302 995 3368 iudicium.
1025 3302 1228 3366 Asusamus
1243 3321 1352 3366 mxm:
1374 3301 1457 3368 Puto
1473 3324 1553 3386 quae
1575 3321 1589 3375 a

247 3400 377 3466 anobis
400 3403 438 3466 de
460 3401 587 3468 diabolo
610 3403 695 3467 dioto
722 3406 796 3468 sunt
816 3425 881 3468 non
902 3424 1014 3486 parum
1035 3402 1167 3467 rationis
1189 3405 1220 3465 et
1241 3401 1367 3483 pietatis
1383 3401 1554 3466 obtineant

246 3499 352 3565 Habet
374 3501 457 3565 enim
479 3506 511 3567 et
532 3524 739 3586 unaquaeque
755 3506 898 3567 ereatura
921 3502 1062 3567 ordinem
1077 3522 1170 3565 suum
1192 3505 1223 3565 et
1238 3498 1319 3565 alius
1335 3503 1461 3583 quidem
1477 3504 1554 3567 ordo

196 3613 231 3670 30
247 3603 294 3664 est
314 3600 444 3665 humani
465 3603 588 3685 generis
610 3607 642 3666 et
663 3602 743 3667 alius
765 3601 948 3666 animalium
971 3606 1018 3665 est
1040 3605 1135 3684 atque
1158 3598 1239 3664 alius
1264 3599 1461 3684 angelorum
1492 3623 1555 3666 una

247 3721 320 3766 vero
342 3704 375 3764 et
395 3699 464 3764 sola
477 3701 729 3767 inconversibilis
745 3705 792 3767 est
807 3703 913 3766 divina
926 3700 1110 3779 substantia,
1132 3704 1266 3776 aeterna,
1280 3699 1456 3781 invisibilis,
1474 3700 1555 3766 siout

330 3898 437 3954 biauk.
455 3899 496 3960 10,
515 3901 548 3953 18
565 3929 598 3938 -
623 3901 660 3955 lu
679 3900 777 3954 Matth.
795 3902 820 3967 4,
840 3901 873 3956 10
897 3930 931 3939 -
958 3901 998 3955 20
1015 3900 1114 3954 Mattb.
1132 3902 1157 3965 l,
1175 3900 1210 3955 10
1230 3928 1264 3937 -
1287 3898 1325 3953 22
1344 3896 1404 3951 Job.
1423 3900 1447 3963 8,
1465 3901 1500 3954 44
1522 3927 1555 3937 -

248 3983 286 4039 24
304 3983 403 4038 Metu.
421 3986 445 4046 3,
464 3986 486 4039 7.
505 3985 522 4037 8

335 4150 390 4205 ΟΜ

333 4320 348 4373 l
376 4317 468 4374 liberii
494 4318 529 4372 Μ
557 4319 562 4386 Ι
595 4318 703 4373 saaca
720 4320 812 4390 posuit
830 4326 862 4382 4-
880 4335 993 4389 peceare
1017 4320 1143 4373 nostrum
1161 4321 1203 4372 est
1223 4320 1256 4372 ut
1277 4319 1371 4372 autem
1387 4335 1445 4373 non
1462 4333 1554 4388 peooo·

247 4419 306 4457 mua
333 4401 378 4457 dei
400 4402 503 4458 donum
528 4402 615 4458 esto
643 4403 648 4471 Ι
681 4404 699 4459 8
726 4404 784 4459 sine
810 4403 894 4458 dubio
912 4413 946 4464 <
964 4404 997 4457 M
1026 4406 1030 4473 Ι
1064 4404 1083 4458 4
1110 4401 1271 4472 oongregas]
1298 4418 1469 4472 congregans
1494 4403 1555 4469 (dee

247 4485 321 4542 erue
347 4504 366 4540 n
389 4488 481 4556 editui
507 4486 552 4556 Μ)
575 4486 629 4541 OM
657 4490 662 4555 Ι
695 4489 861 4557 commones]
881 4486 1033 4543 eommunis
1055 4487 1248 4543 Oeommonis
1265 4486 1300 4541 M
1327 4488 1332 4553 Ι
1364 4487 1555 4556 deliquid]a

245 4585 297 4626 eree
315 4572 333 4626 d
348 4572 435 4641 yles’eb
452 4588 521 4627 oorr.
543 4571 580 4625 0¹
603 4571 608 4640 Ι
635 4572 707 4626 neele
725 4575 823 4644 gerant
841 4581 873 4637 ÷
890 4576 923 4628 nt
940 4573 973 4627 Μ
993 4575 998 4638 1
1026 4575 1065 4628 10
1082 4571 1234 4627 miserabili
1252 4580 1285 4631 <
1307 4570 1355 4638 01
1380 4571 1555 4627 lamminis

249 4655 274 4712 0
300 4659 306 4723 Ι
338 4656 378 4713 22
396 4656 461 4711 andi
478 4659 542 4725 unt,
560 4660 662 4712 nteus
679 4658 756 4713 niu.
774 4676 795 4714 e.
814 4658 870 4712 seb.
889 4676 958 4714 eorr.
981 4657 1018 4713 0²
1049 4660 1054 4726 Ι
1087 4659 1126 4714 25
1149 4656 1266 4712 fractum
1290 4656 1313 4711 0
1341 4658 1345 4725 Ι
1378 4658 1418 4712 26
1436 4657 1552 4728 piorum]

245 4742 508 4813 peeup(=pro)
526 4743 641 4799 eorr.0
669 4744 673 4813 Ι
706 4743 745 4799 28
763 4743 887 4799 uobisO

1307 4829 1345 4880 ,μ
