3768 5566
344 525 381 584 14
893 517 1078 586 Hegemonius

341 699 444 765 χειρεῑ
458 683 539 763 τοὺς
562 679 730 771 ἄρχοντας
754 681 833 765 τούς
856 685 893 752 ἐν
916 691 966 773 τῷ
989 682 1197 772 οτερειόματι
1217 679 1285 754 eiad
1313 685 1376 751 τοῦ
1399 685 1529 765 ζῶντος
1550 674 1649 747 πνεύ-

341 809 447 869 ματος
475 777 718 869 ἀνενεχθέντος
751 787 806 852 καί
838 755 1115 872 σταορίαθέντας,
1148 789 1334 871 φαινομένη
1366 786 1401 852 δὲ
1432 797 1504 860 τοῖς
1535 776 1649 865 ἄρρεσι

341 878 464 969 θήλεια
486 873 669 969 εὔμορφος,
700 901 774 963 ταῖς
801 887 837 952 δὲ
862 890 1016 971 θηλείαις
1043 892 1176 967 νεανίας
1203 879 1329 971 εὐειδὴς
1350 887 1406 950 καὶ
1427 871 1649 967 ἐπιθυμητός
1668 895 1686 949 2

341 986 395 1050 καί
412 1008 444 1052 σι
435 979 556 1100 ‘pist
536 1009 707 1069 αρχοντες,
723 977 857 1052 ὁπόταν
870 980 1046 1054 ίδωσιν’
1004 984 1113 1073 αυτὴν
1127 987 1453 1070 κεκαλλωπισμένην
1477 983 1650 1065 σίστροῦν·

306 1103 396 1153 οται
419 1087 470 1169 τῷ
494 1088 642 1169 φίλτρῳ,
674 1110 728 1150 και
759 1081 805 1171 μὴ
835 1078 1014 1171 δυνάμενοι
1045 1080 1153 1173 αὐτὴν
1173 1089 1389 1166 καταλαβεῖν,
1421 1083 1540 1160 δεινῶς
1571 1080 1649 1162 φλί·

340 1207 459 1267 γονται
495 1187 546 1269 τῷ
583 1184 750 1302 ἐρωτικῷ
769 1175 886 1271 πόθῳ,
922 1180 985 1252 τόν
1016 1189 1100 1255 νοῦν
1130 1187 1409 1310 ἐξαμαασθέντες
1457 1170 1546 1249 όταν
1576 1179 1648 1296 adv,
1667 1198 1686 1253 u

339 1275 537 1367 τρεχόντων
568 1276 699 1363 αὐτῶν,
731 1277 751 1369 al
782 1281 999 1369 παρθένος”
978 1311 1132 1369 αφαντος
1154 1289 1306 1371 γίνηται,
1339 1276 1419 1350 τότε
1450 1268 1647 1364 όαρχοινὸ

338 1384 439 1467 μέγας
461 1374 645 1468 προβάλλει
668 1379 729 1461 τὰς
752 1389 895 1467 νεφέλας
916 1386 951 1469 ἐξ
973 1380 1088 1465 αυτοῦ,
1112 1378 1209 1465 ὅπως
1231 1388 1369 1466 σκοτίση
1384 1386 1427 1467 τῆ
1443 1373 1526 1465 ὀργῇ
1542 1370 1648 1446 αὐτοῦ

340 1476 402 1549 τὸν
424 1475 561 1566 κόσμον.
605 1486 661 1549 καὶ
683 1473 804 1561 οὕτως,
825 1482 885 1552 εὰν
907 1491 1010 1571 θλιβῇ
1032 1480 1133 1567 πάνυ,
1155 1478 1313 1567 καθάπερ
1338 1478 1647 1564 ἄνθρωποςίδρῶν

287 1604 321 1655 ld
338 1574 583 1649 όιιοκοιισῦται.
620 1574 690 1650 <lde
712 1582 815 1701 ldppbc
837 1578 943 1653 αὐτοῦ
964 1586 1058 1653 ἐστιν
1079 1578 1099 1671 ἦ
1121 1578 1233 1669 βροχὴ.
1268 1572 1464 1668 όμοῦκαὶ
1447 1607 1465 1647 o
1488 1569 1685 1663 θερισμὸς4

339 1676 456 1765 α”ρχοεν
477 1677 538 1748 ἐὰν
559 1676 733 1768 συληθςῆ(
712 1678 779 1750 υπὸ
802 1687 863 1771 τῆς
885 1687 1070 1768 παρθένου,
1092 1686 1247 1768 καταχέει
1270 1679 1389 1768 λοιμὸν
1408 1671 1462 1764 ἐφ
1485 1670 1566 1764 ὅλης
1587 1678 1648 1761 τῆς

338 1783 408 1867 γῆς,
440 1771 743 1867 όααιςθανατσόση
766 1780 846 1864 τούς
869 1778 1083 1869 ανθριόιιοος.
1128 1779 1253 1868 τὸγὰρ
1276 1786 1371 1868 σῶμα
1393 1781 1500 1849 τοῦτο
1522 1770 1647 1861 κόσμος

337 1889 490 1949 καλεῖται
519 1876 605 1964 πρὸς
636 1877 699 1949 τὸν
729 1887 834 1969 μέγαν
863 1877 1004 1970 κόσμον,
1035 1889 1091 1951 καὶ
1122 1884 1154 1951 οὶ
1186 1880 1368 1965 ἄνθρωποι
1398 1872 1526 1956 πάντες
1555 1872 1647 1959 ρίςας

338 1979 449 2066 ἔχουσι
479 1975 575 2049 κάτον
603 1984 818 2062 συνδεθείσας
845 1997 918 2063 τοῖς
941 1979 1023 2052 ἄνω.
1066 1976 1200 2052 ὁκόταν
1231 1970 1292 2051 οὖν
1323 1982 1457 2065 συληθῇ
1487 1969 1554 2045 ὑπὸ
1586 1976 1647 2058 τῆς
1665 1997 1683 2051 5

287 2221 320 2273 15
338 2203 449 2263 mento
467 2223 486 2262 a
506 2198 630 2265 vivente
652 2200 765 2282 spiritu
788 2202 893 2266 educti
915 2206 946 2266 et
968 2202 1121 2278 crucifixi3
1148 2223 1228 2284 quae
1254 2223 1327 2266 cum
1348 2197 1535 2280 adparuerit,
1553 2193 1647 2258 mari·
1673 2206 1676 2213 '

339 2300 396 2363 bus
423 2299 541 2363 femina
567 2302 680 2364 decora
710 2302 852 2383 adparet,
883 2301 1008 2367 feminis
1039 2323 1112 2366 vero
1145 2299 1375 2366 adulescentem
1406 2295 1584 2380 speciosum
1615 2298 1647 2355 et

338 2398 616 2481 concupiscibilem
647 2401 849 2465 demonstrat.
892 2398 953 2464 Sed
978 2400 1136 2483 principes
1160 2401 1299 2484 quidem,
1326 2420 1399 2464 cum
1421 2419 1490 2462 eam
1510 2393 1683 2462 viderinta

336 2502 530 2576 exornatam,
557 2520 663 2564 amore
690 2501 756 2563 eius
782 2500 815 2562 in
842 2499 1006 2564 libidinem
1026 2506 1204 2582 moventur,
1235 2505 1267 2564 et
1288 2499 1363 2584 quia
1384 2519 1452 2562 eam
1474 2494 1646 2578 adprehen-

336 2599 408 2661 dere
430 2620 494 2663 non
515 2603 655 2679 possunt,
634 2598 906 2663 t‘vehementer
897 2621 946 2663 ms
947 2599 1090 2683 tigantur
1103 2601 1218 2666 amoris
1232 2600 1385 2711 incendiis
1406 2594 1542 2671 excitati,
1563 2590 1645 2674 rapti

284 2703 438 2861 subito
460 2818 617 2881 nusquam
640 2798 847 2880 conparuerit
869 2802 946 2863 tunc
952 2752 1110 2910 ‘prin6eps
1130 2799 1185 2864 ille
1205 2818 1339 2883 magnus
1353 2798 1500 2881 producit
1486 2746 1644 2859 triebulas

335 2917 372 2959 ex
399 2896 605 2978 semetipso,
635 2896 683 2960 uti
710 2898 896 2963 obscuret
887 2921 921 2962 in
950 2898 996 2963 ira
1017 2922 1074 2964 sua
1095 2900 1277 2965 universum
1299 2900 1465 2971 mundum3
1495 2895 1644 2978 quicum

335 2996 502 3061 tribulatus
524 2997 620 3061 fuerit
645 2997 830 3080 plurimum,
860 2999 942 3063 sicut
968 3000 1063 3065 homo
1086 3002 1179 3064 sudat
1199 3004 1272 3082 post
1292 2998 1446 3075 laborem,
1472 2995 1517 3058 ita
1538 2996 1570 3057 et
1591 2992 1644 3055 hio

333 3098 479 3179 princeps
509 3098 602 3159 sudat
632 3118 671 3160 ex
696 3096 900 3162 tribulatione
926 3119 995 3178 sua,
1025 3099 1114 3163 ouius
1140 3101 1237 3163 sudor
1257 3098 1383 3181 pluviae
1404 3100 1486 3160 sunt.
1529 3093 1593 3159 Sed
1613 3096 1681 3160 etl

282 3212 315 3266 ‘25
332 3195 444 3262 messis
473 3197 633 3279 princeps,
663 3196 689 3259 si
720 3200 868 3280 deceptus
899 3198 995 3262 fuerit
1024 3221 1043 3261 a
1072 3199 1206 3282 virgine,
1237 3198 1371 3262 effundit
1399 3196 1515 3259 famem
1550 3214 1645 3274 super

333 3317 457 3360 omnem
479 3301 604 3374 terrem,
625 3297 670 3359 ita
684 3300 720 3359 ut
740 3300 842 3361 morte
864 3296 991 3363 adficiat
1009 3299 1164 3376 hominem
1187 3319 1300 3380 corpus
1322 3296 1404 3361 enim
1426 3296 1487 3360 hoc
1507 3295 1643 3357 mundus

333 3400 464 3460 vocatur
494 3400 534 3460 ad
556 3395 795 3461 similitudinem
825 3398 932 3481 magni
954 3399 1047 3462 huius
1069 3397 1191 3476 mundi,
1222 3401 1254 3460 et
1274 3418 1383 3461 omnes
1404 3394 1559 3471 homines,
1589 3390 1644 3475 qui

333 3499 407 3558 sunt
434 3497 592 3573 deorsum,
624 3495 744 3560 radices
772 3497 889 3561 habeut
915 3520 1039 3562 sursum
1069 3496 1252 3581 conligatus.
1295 3495 1374 3561 Cum
1397 3513 1472 3577 ergo
1494 3492 1681 3575 deceptusb

419 3692 504 3746 nou
519 3694 577 3745 aaa
595 3694 694 3761 ηιμ.

419 3860 459 3917 10
485 3864 625 3929 θερισμοῦ
643 3861 773 3929 Ζσειιραί,
792 3863 923 3917 rr'ellciclrt
944 3865 996 3917 mel
1014 3864 1104 3932 Ιίεείιί,
1125 3858 1257 3936 θεριστὴς
1274 3864 1411 3926 Patricius,
1430 3861 1501 3914 alter
1518 3857 1643 3928 princeps

330 3963 435 4001 messor
452 3945 606 4015 appellatus
620 3945 771 4000 domaratus
795 3950 799 4015 Ι
825 3947 863 4003 15
873 3948 992 4018 vivente]
1006 3966 1058 4001 ιιαε
1071 3948 1196 4003 uiuentes
1208 3966 1276 4004 corr.
1287 3950 1321 4002 M
1327 3954 1334 3987 ¹
1349 3949 1353 4016 1
1373 3946 1469 4016 spirito
1480 3945 1503 3997 .l
1520 3960 1524 4010 1
1539 3941 1642 4010 educti]

330 4030 437 4085 seducit
453 4048 490 4084 aa
508 4029 613 4084 seducti
631 4048 699 4086 corr.
710 4031 743 4083 M
747 4034 758 4070 ²
780 4033 785 4097 1
812 4033 904 4101 15117
925 4034 985 4086 cirre
1001 4033 1176 4102 Ροναμίιναεε
1200 4035 1204 4101 Ι
1230 4033 1267 4089 15
1286 4032 1415 4086 masculis
1434 4032 1457 4083 ,1
1482 4031 1486 4096 Ι
1517 4029 1554 4083 lu
1570 4028 1640 4079 aurat

330 4115 533 4170 adulescentum
546 4121 578 4177 -1-
597 4131 625 4168 se
637 4114 671 4168 M
692 4116 695 4183 Ι
715 4116 812 4185 lamo
829 4118 898 4185 freae
914 4106 1095 4185 llbersctauup
1115 4119 1120 4185 1
1150 4119 1187 4173 12
1202 4116 1311 4186 amoris]
1322 4115 1431 4171 amoriis
1441 4116 1464 4167 ,1
1489 4113 1494 4183 1
1519 4110 1641 4179 excitati]

330 4202 438 4256 escitati
448 4202 471 4253 A
483 4200 604 4253 excecati
616 4199 650 4252 M
669 4203 673 4268 Ι
705 4201 745 4256 20
765 4201 866 4272 calore]
884 4204 985 4258 amoris
1003 4204 1124 4258 calorem
1142 4205 1165 4256 ,1
1190 4204 1195 4269 1
1222 4202 1297 4271 ergo]
1316 4202 1389 4256 enim
1411 4201 1434 4255 0
1454 4200 1458 4266 Ι
1482 4198 1521 4252 eis
1539 4208 1570 4254 <
1593 4196 1616 4249 0
1637 4198 1641 4261 Ι

329 4288 392 4356 post
410 4283 481 4352 eam]
500 4288 595 4352 postea
611 4285 650 4351 11,
666 4286 731 4353 setall
747 4287 789 4340 bei
807 4287 984 4355 Epiphanius
1017 4290 1021 4357 Ι
1052 4288 1124 4340 nacla
1150 4305 1211 4342 eam
1230 4295 1262 4349 1-
1279 4285 1354 4340 auxii
1376 4284 1467 4339 effecti
1483 4282 1599 4337 fuissent
1621 4279 1644 4335 0

330 4370 334 4437 Ι
364 4370 402 4425 21
423 4368 524 4437 subito]
542 4370 607 4436 Ιοίιίί
625 4371 668 4423 bei
684 4371 863 4440 Epiphanius
896 4376 899 4438 Ι
933 4372 1117 4441 conparuerit]
1138 4371 1290 4441 comparuit
1307 4371 1359 4439 (uit
1375 4390 1400 4425 ο.
1419 4369 1484 4423 lias.
1504 4368 1539 4433 ,11
1556 4364 1610 4420 ΑΟ
1636 4362 1640 4431 1

331 4456 369 4509 22
388 4456 420 4508 ut
437 4454 471 4509 M
491 4456 496 4521 1
522 4454 689 4524 universum]
708 4473 817 4510 omnem
840 4458 863 4511 0
884 4458 888 4525 Ι
916 4456 1010 4527 22124
1027 4457 1123 4509 ιιιίιίιν
1140 4456 1199 4509 eina
1216 4456 1392 4523 Paruplarurc
1415 4456 1420 4522 Ι
1445 4455 1484 4508 24
1504 4449 1639 4520 princeps]

328 4539 380 4592 das
398 4556 413 4592 e
431 4555 484 4592 aas
502 4539 511 4592 i
529 4556 598 4595 corr.
619 4540 666 4609 ,11
697 4542 767 4594 acret
787 4541 869 4595 sudat
887 4550 918 4607 1-
937 4544 962 4596 ei
981 4543 1006 4595 ,1
1038 4544 1042 4608 1
1075 4542 1114 4597 25
1133 4540 1296 4595 effundetA
1325 4540 1329 4603 Ι
1355 4537 1466 4606 famem]
1485 4538 1587 4590 samam
1601 4535 1639 4597 1l:

328 4624 375 4676 der
398 4611 554 4676 libertatum
571 4624 617 4677 ίιαί
637 4643 696 4680 rae.
712 4627 766 4681 aab.
785 4626 887 4695 λοιμός
903 4627 962 4680 arrd
977 4627 1059 4696 λιμός
1076 4625 1241 4679 vcmocc'bsclt
1273 4626 1277 4690 1
1310 4625 1349 4679 uc
1370 4639 1478 4678 omnem
1498 4635 1526 4678 <
1549 4620 1610 4673 AO
1635 4619 1639 4684 !

330 4712 447 4763 mortem
465 4709 490 4761 A
516 4709 521 4775 1
544 4709 597 4761 hoo
615 4710 687 4763 euim
708 4710 791 4763 illex>
809 4712 857 4765 ll²
888 4716 892 4781 Ι
926 4714 962 4767 27
984 4710 1088 4781 magui]
1105 4708 1233 4779 imaginis
1251 4707 1286 4761 M
1313 4710 1318 4775 1
1351 4708 1389 4763 28
1408 4723 1515 4760 rursum
1533 4704 1587 4759 ,10
1629 4760 1634 4770 ,
