3726 5568
636 518 980 574 resarciturum.
998 518 1123 573 uxuu.
1495 528 1532 587 41

223 689 441 772 indignatione
462 687 563 754 voluit
590 711 660 753 eum
682 686 861 767 absorbere,
889 691 920 753 et
941 691 1109 754 adcurrens
1136 691 1176 753 ad
1200 688 1336 766 foveam,
1363 687 1480 753 decidit
1500 688 1534 752 in

223 810 306 865 eam,
338 790 527 853 ascendendi
552 790 626 853 inde
653 809 778 853 sursum
800 810 863 853 non
886 787 1005 853 habens
1036 790 1130 865 vires;
1162 811 1255 873 quem
1284 792 1395 872 pastor
1423 792 1572 873 adpre-8

224 890 356 954 hensum
379 910 436 970 pro
457 890 626 971 prudentia
646 911 704 952 sua
725 890 758 952 in
781 909 907 953 caveam
930 888 1102 965 concludit,
1130 894 1225 973 atque
1246 889 1362 954 hedum
1384 890 1439 973 qui
1461 911 1534 954 cnm

223 990 293 1072 ipso
323 987 420 1053 fuerit
449 988 482 1052 in
504 987 596 1053 fovea
625 987 815 1053 incolumem
842 990 1049 1055 conservabit.
1091 989 1140 1053 Ex
1166 988 1228 1054 hoo
1254 1007 1330 1072 ergo
1356 989 1534 1054 infirmatus

188 1094 272 1153 best
291 1087 462 1172 malignus,
488 1087 573 1152 ultra
593 1089 656 1152 iam
677 1087 768 1152 leone
790 1111 854 1154 non
875 1088 1010 1154 habente
1032 1092 1221 1172 potestatem
1246 1089 1383 1154 faciendi
1403 1088 1534 1174 aliquid,

225 1194 257 1253 et
277 1187 450 1253 salvabitur
471 1209 564 1253 omne
585 1187 761 1252 animarum
783 1207 882 1272 genus
904 1209 942 1252 ac
960 1189 1143 1254 restituetur
1158 1190 1244 1272 quod
1257 1187 1394 1272 perierat
1407 1189 1535 1273 proprio

225 1310 283 1353 suo
306 1287 402 1372 gregi.
444 1288 647 1352 Aacnmsus
669 1306 778 1351 uncle:
800 1285 834 1351 Si
855 1285 978 1352 leonem
1000 1287 1141 1371 maligno
1164 1309 1323 1371 conpares,
1345 1291 1438 1353 deum
1460 1308 1534 1353 vero
1552 1293 1573 1349 4

223 1389 355 1471 pastori,
386 1409 460 1453 oves
490 1391 585 1471 atque
606 1388 735 1465 hedum,
758 1388 821 1466 dic,
843 1386 969 1452 cuinam
991 1388 1252 1470 conparabimua?
1288 1389 1406 1453 Maras
1427 1407 1536 1453 ama:

225 1486 307 1553 Oves
329 1492 361 1552 et
382 1489 481 1551 hedus
502 1488 596 1552 unius
617 1487 695 1552 mibi
717 1486 862 1551 videntur
876 1507 944 1551 esse
958 1490 1101 1565 naturae;
1122 1487 1155 1551 in
1170 1487 1410 1552 similitudinem
1427 1491 1535 1552 autem

173 1598 207 1650 10
224 1592 386 1671 ponuntur
406 1588 592 1651 animarum.
634 1586 839 1652 Asusamus
861 1605 969 1650 mm:
996 1586 1144 1650 Animam
1171 1605 1246 1669 ergo
1268 1589 1427 1669 perditum
1449 1589 1536 1651 dedit
1554 1598 1572 1652 5

225 1691 313 1764 deus,
336 1686 475 1751 obiciens
498 1708 566 1750 eam
588 1685 671 1751 leoni
693 1688 727 1750 iu
749 1686 892 1752 foveam?
927 1685 1042 1749 Maras
1067 1704 1177 1752 nrm:
1199 1684 1425 1771 Nequaquam,
1453 1687 1536 1752 absit

225 1789 298 1862 hoo;
328 1788 383 1851 sed
405 1787 618 1870 adprehensus
639 1790 688 1851 est
708 1786 769 1853 hoc
790 1786 934 1869 ingenio,
965 1783 998 1848 in
1027 1784 1169 1849 futurum
1201 1807 1274 1850 vero
1301 1785 1436 1851 salvabit
1458 1808 1535 1851 eam.

224 1888 428 1952 Accusanda
448 1905 556 1951 mm:
583 1884 764 1950 Ridiculum
786 1886 849 1949 iam
871 1885 958 1948 istud
980 1888 1036 1963 est,
1056 1907 1075 1949 o
1099 1885 1159 1949 viri
1179 1886 1347 1964 auditores,
1368 1886 1396 1949 si
1418 1903 1536 1968 agnum
1554 1900 1572 1951 0

227 2008 320 2070 quem
342 1986 497 2050 retinebat
517 1987 551 2050 in
572 1986 702 2061 sinibus,
724 1989 833 2069 pastor
854 1985 1059 2049 extimescens
1079 1984 1180 2051 leonis
1202 1984 1380 2068 ingressum
1402 1984 1536 2066 proiecit

174 2096 299 2151 151111
330 2087 542 2152 devorandum
573 2090 605 2150 et
630 2085 746 2150 dicitur
772 2084 847 2167 quia
868 2084 900 2147 in
922 2084 1064 2148 futurum
1086 2084 1221 2149 salvabit
1243 2106 1323 2149 enm.
1368 2082 1535 2159 Quomodo

228 2210 291 2252 non
312 2190 414 2251 totum
436 2187 498 2253 hoc
518 2186 651 2251 ridiculo
673 2186 802 2269 plenum
828 2188 896 2250 est?
932 2181 1016 2247 Nam
1047 2188 1078 2248 et
1107 2182 1140 2246 in
1169 2184 1231 2249 hoc
1261 2184 1356 2248 etiam
1382 2182 1535 2247 iudicium

228 2287 385 2351 adimitur.
428 2284 515 2351 Deus
537 2284 621 2350 enirn
644 2285 778 2350 Satanae
809 2284 946 2348 animam
976 2282 1107 2348 tradidit
1126 2284 1161 2347 in
1181 2283 1404 2367 perditionem,
1434 2283 1475 2346 ab
1497 2303 1534 2345 eo

229 2388 461 2450 adsumendam.
504 2385 635 2462 Quando
657 2385 741 2448 enim
766 2388 876 2468 pastor
906 2386 944 2447 de
974 2404 1028 2449 ore
1056 2382 1157 2448 leonis
1187 2386 1243 2447 aut
1270 2384 1308 2447 de
1339 2386 1447 2447 ventre
1469 2381 1570 2449 eiust

229 2488 334 2569 potest
355 2486 486 2550 educere
508 2489 594 2568 quod
620 2486 683 2549 iam
708 2483 763 2549 ille
785 2482 966 2549 devoravit?
1001 2481 1064 2548 Sed
1091 2482 1176 2547 dices
1205 2481 1297 2548 mibi:
1327 2485 1403 2546 deus
1434 2486 1483 2546 est
1504 2485 1536 2545 et

173 2596 209 2651 20
230 2584 335 2651 omnia
356 2588 467 2668 potest
509 2585 596 2649 Audi
626 2603 702 2668 ergo
728 2586 768 2648 ad
794 2584 885 2648 baec:
917 2604 974 2647 cur
1002 2583 1102 2666 igitur
1127 2584 1214 2667 quod
1234 2581 1342 2666 possit,
1370 2604 1435 2647 non
1455 2579 1536 2644 illud

225 2685 331 2769 potius
352 2685 479 2762 adseris,
501 2686 587 2768 quod
608 2683 725 2767 poterit
745 2685 874 2767 propria
895 2683 1011 2747 virtute
1033 2683 1158 2747 vincare
1179 2681 1316 2759 leonem,
1338 2680 1365 2745 si
1387 2684 1435 2745 cst
1455 2703 1536 2764 pura

226 2786 277 2849 dei
293 2784 444 2868 potentia,
465 2788 496 2847 et
516 2804 690 2866 numquam
710 2782 865 2846 machinis
887 2782 1076 2865 quibusdam
1099 2786 1131 2846 et
1149 2780 1260 2847 foveae
1274 2781 1356 2846 hedo
1371 2781 1437 2845 sive
1452 2800 1535 2864 agno

225 2885 361 2950 tradito?
398 2883 458 2949 Dic
479 2882 557 2947 mihi
579 2884 674 2946 etiam
694 2880 789 2945 illud:
819 2881 846 2946 si
878 2880 996 2964 pastori
1019 2881 1220 2964 superveniat
1245 2880 1296 2945 leo
1325 2902 1390 2945 non
1407 2880 1535 2944 habenti
1554 2890 1572 2945 8

227 3006 309 3063 oves,
331 2984 409 3068 quid
430 2983 505 3048 fiet?
526 2981 691 3067 Ingenitus
713 2983 797 3045 enim
819 2984 868 3046 est
889 2981 945 3064 qui
959 2979 1075 3045 dicitur
1095 2984 1211 3064 pastor,
1232 2979 1393 3064 ingenitus
1408 3001 1535 3063 quoque

173 3096 209 3150 25
227 3084 322 3150 etiam
343 3082 403 3150 leo.
446 3081 525 3149 Cum
547 3102 623 3167 ergo
646 3083 785 3145 nondum
807 3084 889 3146 esset
913 3081 1022 3157 homo,
1053 3081 1239 3164 priusquam
1269 3085 1378 3163 pastor
1407 3080 1536 3144 haberet

228 3204 363 3269 gregem,
384 3185 412 3248 si
427 3183 659 3266 supervenisset
672 3178 731 3259 leo,
753 3180 830 3265 quid
844 3181 948 3260 fiebat,
971 3181 1046 3264 quia
1060 3201 1125 3245 non
1139 3184 1207 3245 erat
1227 3181 1327 3243 leonis
1350 3200 1421 3245 esca
1432 3180 1536 3262 prius·

228 3306 324 3368 quam
344 3284 444 3348 bedus
466 3283 567 3346 esset?
598 3282 713 3345 Manus
734 3299 844 3345 nme:
865 3279 929 3345 Leo
952 3281 1080 3364 quidem
1102 3278 1181 3343 nihil
1203 3281 1427 3354 manducabat,
1449 3299 1535 3342 exer·
1554 3294 1573 3347 0

227 3385 319 3448 cebat
339 3387 446 3447 tamen
466 3381 620 3446 malitiam
641 3403 731 3446 suam
745 3403 802 3464 per
817 3401 1034 3464 quaecumque
1048 3382 1173 3462 poterat
1186 3377 1336 3455 invenire,
1357 3378 1535 3442 discurrens

227 3505 283 3566 per
303 3484 436 3547 vertices
458 3481 627 3559 montium3
655 3482 789 3564 quodsi
811 3480 982 3563 aliquando
1004 3478 1033 3542 ei
1055 3479 1150 3542 etiam
1173 3498 1244 3540 esca
1265 3480 1333 3541 erat
1354 3476 1537 3553 necessaria,

175 3594 211 3645 30
228 3583 373 3666 capiebat
393 3604 432 3646 ex
452 3582 562 3647 bestiis
585 3603 665 3664 (puae
687 3584 776 3645 erant
797 3580 855 3644 sub
877 3596 975 3662 regno
991 3599 1057 3642 suo.
1093 3577 1297 3641 nuenarius
1317 3592 1427 3641 mm:
1449 3574 1536 3659 Ergo
1556 3583 1596 3638 10

228 3683 321 3748 unius
342 3680 537 3747 substantiae
563 3688 636 3746 sunt
656 3678 780 3745 bestiae
802 3701 883 3762 quae
904 3683 979 3742 sunt
1000 3680 1032 3743 in
1057 3695 1155 3760 regno
1177 3675 1311 3759 maligni
1332 3679 1364 3741 et
1385 3675 1459 3741 hedi
1482 3675 1537 3758 qui

228 3786 302 3845 sunt
322 3782 355 3845 in
376 3799 474 3864 regno
495 3780 570 3847 boni
591 3782 650 3845 dei.
693 3779 812 3843 Maras
833 3797 941 3844 omn:
972 3777 1080 3857 Absit,
1110 3797 1323 3859 nequaquam
1353 3775 1433 3840 nihil
1454 3796 1538 3840 eom·

228 3903 323 3946 mune
344 3885 392 3945 est
412 3902 515 3963 neque
537 3880 614 3963 ipsis
636 3878 832 3944 adinvicem
853 3900 955 3961 neque
978 3878 1027 3942 his
1051 3899 1131 3960 quae
1147 3898 1204 3941 sua
1218 3881 1299 3941 sunt
1335 3876 1538 3940 Aacunnscs
1558 3880 1593 3935 ll

229 4000 339 4045 nrxm:
375 3980 467 4046 Unus
489 3984 584 4063 atque
605 3980 690 4044 idem
712 3984 760 4044 est
782 4000 857 4044 usus
879 3978 913 4041 in
934 4000 1005 4042 esca
1031 3976 1139 4042 leonis.
1182 3974 1216 4040 Si
1237 3975 1322 4039 enim
1344 3997 1381 4039 ex
1402 3974 1538 4057 propriis

317 4095 371 4150 OM

313 4196 493 4252 eruerctur
512 4199 516 4265 1
540 4197 650 4251 foueam
671 4194 741 4264 0111
762 4194 937 4250 conseruauit
949 4194 1004 4249 CM
1016 4194 1020 4260 1
1048 4192 1235 4263 rmaugnum
1258 4191 1337 4260 0111
1361 4190 1535 4259 Scompara·

229 4281 363 4336 nimusC
391 4281 395 4349 Ι
427 4278 684 4337 ssimilitudinad
712 4282 715 4347 1
751 4280 786 4334 12
801 4279 996 4348 futurumlaus
1013 4279 1105 4333 futuro
1123 4277 1331 4335 1111111111.
1346 4276 1403 4344 011
1418 4273 1539 4329 saluauit

234 4366 298 4430 011·
316 4382 346 4419 so
355 4364 427 4419 cuclr
439 4365 469 4420 Z.
478 4367 511 4417 15
523 4370 607 4418 orrleo
631 4366 635 4434 1
661 4363 783 4421 mimae
796 4365 889 4433 pastor
906 4364 953 4419 tar
966 4365 1091 4420 Gnonne
1103 4362 1188 4418 dauid
1201 4362 1235 4418 de
1247 4379 1295 4417 ore
1311 4361 1400 4416 leonis
1418 4359 1464 4414 nel
1482 4358 1538 4413 ursi

230 4450 300 4505 eruit
316 4467 406 4506 ouem.
432 4449 485 4504 hoc
502 4448 618 4503 dicimus
636 4451 748 4518 propter
765 4464 812 4503 ore
829 4446 918 4503 leonis
931 4447 1004 4517 quod
1017 4448 1066 4514 ait,
1083 4448 1141 4500 eine
1153 4445 1405 4513 Rarrdbcmerlcunq,
1422 4444 1467 4498 die
1478 4443 1538 4497 sict

230 4537 260 4589 in
278 4535 329 4589 dea
348 4534 409 4588 Terrl
426 4532 641 4601 er'nqesolrticbea
657 4532 705 4586 hot
731 4534 735 4599 1
769 4531 807 4587 21
827 4531 944 4602 leonem]
962 4550 1015 4587 aus
1033 4532 1121 4588 leonis
1138 4547 1206 4583 corr.
1229 4530 1268 4583 0²
1298 4532 1302 4596 1
1335 4529 1388 4598 est]
1405 4528 1538 4596 Zocaprrr',

230 4622 258 4675 et
279 4618 334 4674 CM
361 4620 366 4685 1
399 4618 437 4673 22
455 4617 588 4673 bedosiue
609 4617 697 4672 edas
715 4634 731 4673 o
749 4634 801 4670 aus
820 4635 838 4671 1
856 4632 924 4674 corr.
957 4618 961 4683 1
995 4618 1032 4671 81
1053 4614 1223 4670 substantiae
1240 4616 1306 4669 sunt
1321 4633 1358 4663 ω
1379 4613 1403 4668 0
1424 4615 1430 4681 1
1456 4613 1537 4682 quae]

230 4704 323 4773 quiO
351 4704 356 4771 1
388 4703 427 4759 84
446 4702 520 4757 enim
538 4713 570 4762 <
589 4702 623 4755 M
