3768 5566
345 522 385 586 36
907 523 1094 594 Hegemonins

345 689 474 770 quidem
496 688 660 757 Pharisaei
681 693 765 758 aneti
787 698 819 759 et
840 692 948 758 cimini
974 695 1113 759 decimas
1139 699 1320 779 expetentes
1355 716 1436 779 quae
1467 699 1555 759 erant
1584 713 1656 779 gra·

344 788 432 852 viora
452 788 534 874 legis
559 790 781 875 relinquebant
806 798 839 859 et
868 795 917 859 his
945 816 1025 878 quae
1051 794 1245 860 extrinsecus
1267 799 1356 859 erant
1376 793 1561 861 adhibentes
1583 794 1654 860 dili-

346 888 486 970 gentiam
508 891 754 957 contemnebant
775 916 820 973 ea,
842 914 922 978 quae
943 897 984 957 ad
1006 893 1140 959 salutem
1155 895 1279 957 animae
1293 893 1506 977 pertinebant;
1528 900 1654 979 expele-

344 985 421 1052 bant
447 991 543 1055 etiam
573 991 778 1058 salutationes
804 995 838 1058 in
865 993 935 1060 foro
957 999 990 1059 et
1018 994 1139 1077 primos
1170 994 1345 1059 discubitus
1375 995 1408 1059 in
1438 996 1538 1073 cenie3
1568 998 1694 1078 qu0d4

311 1087 447 1154 osciens
477 1092 624 1158 dominus
645 1092 733 1159 Iesus
759 1095 899 1177 perditos
926 1115 994 1159 esse
1020 1093 1144 1158 dicebat
1174 1114 1239 1168 eos,
1269 1095 1344 1178 quia
1372 1093 1422 1160 bis
1452 1093 1530 1161 solis
1559 1096 1654 1160 rebus

345 1214 425 1277 quae
456 1193 573 1257 deforis
603 1197 692 1258 erant
712 1194 897 1258 adhiberent
919 1193 1117 1277 diligentiam
1139 1198 1171 1258 et
1193 1217 1230 1258 ea
1251 1216 1331 1279 quae
1352 1193 1542 1259 intrinsecus
1565 1198 1655 1259 erant

344 1297 581 1358 contemnerent
602 1294 688 1358 velut
709 1294 820 1371 aliena,
849 1294 1032 1376 ignorantes
1054 1294 1204 1378 quoniam
1225 1292 1281 1376 qui
1302 1313 1416 1376 eorpus
1438 1293 1563 1372 fecerat,
1585 1296 1654 1378 ipse

343 1392 420 1458 fecit
441 1396 473 1459 et
493 1393 640 1458 animam.
684 1391 727 1456 Et
748 1393 819 1476 quis
840 1394 886 1457 ita
906 1392 1049 1475 lapideus
1071 1398 1120 1458 est
1141 1397 1173 1458 et
1193 1391 1336 1471 stolidus,
1358 1398 1471 1458 utnon
1493 1395 1655 1460 adomnia

343 1495 373 1557 ei
394 1495 454 1559 iste
476 1515 577 1558 sermo
599 1491 756 1557 sufficiat?
787 1490 846 1557 Cui
867 1492 1004 1556 sermoni
1025 1512 1200 1557 consonans
1222 1491 1341 1556 Paulus
1360 1494 1413 1572 ait,
1435 1495 1693 1577 interpretanst

292 1602 326 1656 10
345 1616 381 1659 ea
403 1615 485 1677 quae
505 1594 540 1657 in
560 1591 631 1675 lege
653 1593 771 1675 scripta
792 1596 867 1656 sunt
880 1592 941 1657 hoc
955 1594 1064 1658 modo:
1085 1598 1158 1657 Non
1172 1596 1342 1673 infrenabis
1356 1616 1390 1656 os
1409 1597 1476 1657 bovi
1496 1599 1658 1658 trituranti

341 1697 498 1775 Numquid
517 1696 552 1756 de
571 1695 667 1756 12123
687 1715 760 1755 euro
780 1702 824 1756 est
843 1697 919 1757 deo?
941 1698 1005 1756 Aut
1021 1703 1145 1774 propter
1164 1714 1223 1756 eos
1242 1697 1346 1773 utique
1366 1696 1463 1757 dicit?
1493 1692 1555 1758 Sed
1577 1694 1655 1777 quid

343 1794 538 1857 inmoramur
562 1788 716 1857 ulterius?
745 1792 880 1856 adiciam
911 1796 1017 1856 tamen
1042 1813 1145 1875 pauca
1166 1793 1205 1856 de
1225 1790 1378 1874 pluribus.
1421 1790 1455 1857 Si
1486 1797 1549 1859 duo
1579 1799 1693 1860 sunto

342 1891 484 1976 ingenita
506 1890 606 1955 ethis
627 1890 698 1956 loca
719 1896 804 1956 certa
825 1892 1036 1969 decernimus,
1066 1892 1219 1956 dividitur
1249 1893 1337 1968 deus;
1369 1892 1397 1955 si
1422 1892 1506 1958 intra
1533 1898 1654 1958 certum

342 1991 449 2058 locum
470 1995 518 2057 est
540 1995 572 2056 et
592 2014 656 2056 non
678 1990 796 2075 ubique
817 1991 1012 2071 diffunditur,
1035 1996 1067 2057 et
1088 1993 1149 2057 erit
1163 1991 1264 2056 multo
1286 1990 1417 2056 inferior
1438 1992 1519 2071 loco,
1540 1994 1575 2057 in
1589 2015 1653 2078 quo

291 2092 323 2155 15
342 2096 390 2158 est
420 2093 533 2172 (maius
564 2091 649 2156 enim
679 2095 766 2176 quod
792 2093 933 2158 continet
957 2113 1082 2176 semper
1103 2112 1141 2156 eo
1169 2113 1263 2176 quem
1285 2093 1437 2174 continet)
1463 2097 1496 2157 et
1516 2092 1654 2159 efficitur

341 2194 417 2256 deus
439 2192 506 2255 eius
528 2191 755 2273 magnitudinis
781 2192 870 2258 cuius
892 2199 940 2258 est
960 2193 1050 2259 locus
1075 2194 1109 2257 in
1131 2214 1194 2276 quo
1216 2192 1407 2271 continetur,
1438 2191 1520 2257 sicut
1549 2194 1652 2269 bomo,

340 2291 367 2355 ei
393 2290 436 2356 sit
464 2292 497 2354 in
518 2291 621 2355 domo.
663 2289 786 2354 Deinde
807 2293 887 2356 retio
909 2293 1042 2376 requirit
1072 2293 1143 2376 quis
1170 2297 1218 2357 est
1244 2292 1299 2375 qui
1319 2292 1403 2356 inter
1428 2314 1482 2358 eos
1512 2291 1687 2357 diviserit?

340 2395 396 2455 aut
417 2391 489 2475 quis
511 2389 556 2454 eis
578 2394 680 2454 certos
701 2391 853 2457 terminos
879 2393 1036 2470 statuerit,
1067 2396 1099 2456 et
1123 2391 1283 2455 invenitur
1307 2391 1371 2455 iam
1395 2395 1529 2474 uterque
1550 2391 1651 2456 multo

340 2490 471 2555 inferior
492 2489 618 2554 virtutis
639 2490 802 2554 humanae.
836 2489 1042 2574 Lysimachus
1064 2490 1148 2555 enim
1171 2494 1203 2555 et
1221 2491 1402 2555 Alexander
1422 2491 1521 2556 totius
1543 2492 1653 2556 mundi

289 2597 324 2651 20
339 2589 498 2673 inperium
532 2593 703 2654 tenuerunt
737 2611 908 2674 omnesque
938 2590 1082 2656 nationes
1117 2592 1267 2656 barbaras
1302 2596 1397 2674 atque
1428 2612 1521 2656 omne
1551 2609 1651 2673 genus

339 2689 504 2754 homiuum
525 2689 668 2754 subicere
689 2693 869 2773 potuerunt,
899 2690 944 2754 ita
962 2694 1001 2761 ,ut
1021 2713 1087 2757 nou
1109 2695 1191 2756 esset
1211 2691 1292 2755 alius
1313 2691 1474 2773 inperator
1493 2712 1551 2774 per
1570 2688 1650 2754 illud

340 2796 464 2872 tempus
486 2793 611 2872 praeter
629 2790 717 2873 ipsos
740 2788 798 2853 sub
821 2789 916 2856 caelo.
958 2789 1001 2854 Et
1022 2793 1183 2874 quomodo
1205 2790 1334 2855 audebit
1356 2788 1525 2873 quisquam
1547 2788 1650 2854 dicere
1669 2803 1689 2858 8

340 2910 404 2953 non
425 2889 544 2972 ubique
566 2911 633 2955 esse
655 2892 756 2964 deum,
780 2890 835 2973 qui
856 2894 904 2955 est
923 2890 1031 2955 lumen
1056 2912 1165 2955 verum
1186 2889 1377 2970 indeficiens,
1400 2889 1490 2953 cuius
1512 2893 1560 2953 est
1581 2908 1651 2973 reg·

340 3010 416 3053 num
437 2993 581 3054 sanctum
603 2993 635 3054 et
655 2981 899 3073 sempiternum?
929 2988 1000 3054 Heu
1023 2989 1209 3074 nequissimi
1229 2990 1321 3054 istius
1342 2987 1491 3072 inpietas,
1516 2987 1571 3070 qui
1592 3008 1652 3052 nec

289 3087 504 3171 coaequalem
526 3089 654 3172 quidem
681 3111 752 3154 cum
777 3089 958 3154 hominibus
988 3094 1176 3173 potestatem
1203 3088 1413 3172 omnipotenti
1442 3090 1501 3152 deo
1527 3086 1650 3152 tribuit!

423 3186 512 3252 XXV
540 3187 664 3269 (XXII).
701 3188 836 3254 lumcns
865 3208 1050 3254 umanum:
1085 3187 1205 3252 Lumeri
1235 3187 1269 3251 in
1299 3191 1367 3252 toto
1397 3189 1516 3252 mundo
1545 3186 1651 3252 lucere

341 3288 459 3352 scimus
481 3291 512 3352 et
533 3311 598 3354 non
617 3289 651 3352 in
672 3311 735 3352 una
762 3288 868 3372 ulique
888 3293 990 3372 perte3
1021 3287 1104 3353 sicut
1126 3291 1158 3352 et
1178 3286 1266 3353 Iesus
1289 3286 1367 3352 dicit
1388 3287 1464 3370 quia
1494 3309 1581 3351 rsemo
1603 3292 1650 3350 lu·

340 3411 457 3452 cereum
479 3394 638 3453 accendens
653 3394 742 3470 pouit
762 3393 816 3452 sub
837 3393 949 3469 modio,
971 3392 1022 3452 scd
1041 3411 1131 3469 super
1156 3392 1376 3465 condelabrum,
1406 3397 1440 3450 ut
1471 3392 1564 3451 luceat
1585 3409 1650 3450 om·

339 3492 431 3552 uibus
451 3493 506 3569 qui
525 3493 561 3552 in
581 3492 668 3553 domo
690 3499 771 3554 sont.
815 3488 849 3552 si
870 3507 945 3572 ergo
966 3488 1075 3553 lumen
1097 3492 1151 3568 est,
1172 3509 1300 3553 necesse
1322 3491 1370 3552 est
1390 3486 1470 3551 illud
1485 3486 1525 3564 (si
1546 3491 1688 3550 tament

289 3597 323 3650 30
340 3587 429 3652 lesus
450 3587 601 3669 creditur)
622 3591 741 3653 mundo
763 3588 910 3653 universo
932 3588 1037 3653 lucere
1059 3592 1091 3653 et
1111 3610 1175 3654 non
1197 3609 1254 3671 per
1274 3591 1392 3670 partes3
1415 3609 1434 3650 a
1455 3608 1518 3669 quo
1542 3586 1569 3650 si
1583 3585 1650 3650 uni-

339 3708 465 3751 versum
488 3687 610 3752 obtinet
630 3691 792 3769 mundum,
812 3690 868 3754 ubi
888 3689 952 3753 iam
973 3689 1133 3773 ingenitae
1156 3689 1311 3765 tenebrae,
1334 3686 1395 3750 nisi
1410 3685 1492 3750 forte
1507 3688 1650 3751 acciden-

340 3792 387 3850 tes
409 3783 653 3870 intellegantur?
686 3788 890 3853 Aacrrnnsus
911 3808 1020 3854 urxrr:
1047 3788 1202 3864 Quoniam
1224 3787 1352 3871 quidem
1372 3785 1475 3850 multo
1496 3786 1610 3851 melius
1632 3797 1688 3851 ab

427 3936 441 3991 1
461 3936 510 4001 ul.
528 3934 628 3990 uerte.
646 3938 688 4003 23,
705 3938 747 3992 ae.
777 3938 846 3992 uui.
865 3940 905 4005 11,
922 3940 957 3993 42
974 3969 1007 3977 -
1026 3938 1046 3993 e
1064 3937 1132 3992 nun.
1150 3936 1192 4005 2ο,
1209 3938 1257 3999 ue
1275 3938 1315 3996 11.
1333 3938 1375 3992 re.
1404 3935 1505 3989 naeth.
1522 3937 1564 3999 23,
1581 3937 1606 4001 e,
1625 3936 1648 3989 7.

339 4020 427 4074 uui.
446 4022 487 4083 12,
505 4021 546 4085 33,
564 4023 598 4076 33
624 4052 657 4059 -
685 4023 724 4077 1o
742 4023 753 4074 1
772 4023 836 4078 uer.
855 4027 879 4091 a,
898 4026 922 4091 a,
942 4024 975 4079 10
1000 4053 1033 4061 -
1061 4023 1098 4077 ar
1124 4021 1223 4076 Mareu.
1242 4024 1267 4085 5,
1285 4023 1326 4074 u.
1355 4020 1444 4073 uari.
1461 4023 1486 4086 4,
1504 4020 1545 4074 21.
1580 4019 1649 4074 uui.

337 4106 362 4172 s,
379 4107 413 4161 re
429 4105 489 4158 uns
505 4108 545 4174 11,
563 4107 597 4160 33

428 4208 481 4262 CM

426 4310 639 4381 textrinseous]
657 4310 820 4367 intrinsecus
842 4311 897 4365 CM
925 4314 928 4379 Ι
962 4310 1227 4381 1222221222210
1255 4310 1260 4374 Ι
1293 4309 1312 4363 1
1335 4305 1496 4376 discubitus]
1514 4305 1647 4376 discipulo

339 4397 444 4452 subitos
467 4395 654 4452 Odiscubitos
671 4397 706 4450 M
734 4397 739 4464 Ι
770 4397 969 4453 beciantesO
998 4398 1003 4464 Ι
1036 4395 1091 4463 eos]
1110 4395 1150 4449 eis
1172 4395 1195 4449 Ο
1218 4396 1221 4462 Ι
1253 4392 1453 4449 dadbiberent
1470 4390 1505 4444 Μ
1533 4393 1536 4458 Ι
1569 4390 1648 4446 1112-

339 4484 537 4553 imprecante
572 4484 576 4551 Ι
610 4484 649 4537 10
675 4482 786 4537 bobio
814 4484 818 4547 Ι
853 4483 889 4537 11
919 4482 976 4550 aut]
996 4498 1032 4535 22
1050 4497 1106 4535 222
1124 4479 1158 4532 Μ
1187 4481 1191 4546 Ι
1226 4479 1264 4533 14
1286 4479 1348 4532 loco
1371 4475 1484 4530 inferior
1501 4474 1535 4528 Μ
1548 4494 1584 4523 ω
1601 4474 1649 4527 Μ1

339 4568 343 4636 Ι
377 4568 413 4624 15
433 4571 462 4623 et
478 4579 511 4627 <
529 4568 564 4622 Μ
592 4567 596 4635 Ι
631 4568 668 4624 lu
691 4568 845 4638 lycomacus
868 4564 1080 4637 Olysomeehus
1097 4564 1131 4617 Μ
1160 4565 1164 4630 Ι
1198 4564 1238 4619 22
1257 4566 1366 4633 praeter
1382 4560 1456 4632 ipsos
1473 4571 1506 4619 <
1524 4559 1582 4627 ΜΙ
1610 4558 1650 4615 24

339 4670 372 4708 eu
395 4653 418 4706 Ο
437 4653 442 4720 Ι
469 4654 559 4721 2th
578 4671 629 4708 nec
646 4652 799 4722 aequalem]
819 4669 870 4707 nec
887 4669 941 4721 qne
957 4650 1058 4706 uellem
1080 4650 1103 4704 0
1129 4650 1133 4716 Ι
1157 4648 1195 4703 26
1214 4646 1324 4716 quidem
1342 4656 1375 4705 <
1393 4645 1427 4699 M
1446 4647 1451 4714 Ι
1476 4647 1515 4701 ae
1534 4643 1647 4712 mundo]

340 4740 421 4793 domo
444 4737 467 4792 0
495 4738 499 4805 Ι
533 4739 570 4795 81
599 4736 912 4807 occidentse1Zceqsni,
931 4736 1091 4792 accedentes
1113 4733 1168 4788 CM
1196 4735 1201 4801 Ι
1234 4731 1272 4787 82
1291 4729 1508 4799 intellegiturO
