3726 5568
638 494 709 547 neta
726 490 857 547 Archelai
873 491 1011 547 XXXVII.
1029 490 1180 548 XXXVIII.
1527 501 1567 563 55

257 663 387 746 gerebat
408 661 441 725 in
462 665 566 739 utero;
588 666 700 744 postea
721 682 795 726 vero
818 682 913 745 quem
935 660 1080 746 confugit
1094 664 1135 726 ad
1148 662 1307 745 laqueum,
1329 684 1393 727 non
1407 661 1568 746 integrum

257 761 384 827 videtur
404 760 539 826 edidisse
560 765 694 845 partum,
718 761 793 845 quie
813 760 1009 844 poenitentia
1030 763 1198 827 subsecuta
1219 766 1276 827 est.

339 859 511 927 XXXVIII
533 859 703 944 (XXXIV).
745 859 896 946 Ignorare
911 866 1016 926 eutem
1031 884 1087 927 vos
1106 884 1171 928 non
1190 863 1326 927 arbitror
1348 862 1499 946 quoniam
1512 883 1568 945 pe·

257 968 306 1025 ter
334 983 433 1025 unum
464 961 592 1043 quidem
622 961 664 1024 sit
693 983 817 1040 nomen,
848 962 988 1026 diversos
1018 967 1126 1026 tamen
1147 963 1242 1027 habet
1263 961 1456 1028 intellectus:
1487 960 1568 1027 elius

222 1061 342 1125 oonim
363 1065 454 1144 pater
475 1061 591 1125 dicitur
611 1083 721 1126 eorum
743 1082 823 1144 quos
844 1060 1031 1126 naturaliter
1054 1063 1198 1146 genuerit
1218 1061 1370 1140 filiorum,
1393 1062 1475 1128 alius
1492 1086 1567 1131 vero

257 1183 367 1227 eorum
388 1182 468 1244 quos
489 1164 711 1227 tantummodo
730 1162 907 1239 enutrierit,
929 1161 1075 1227 nonnulli
1089 1182 1162 1229 vero
1177 1163 1330 1245 temporis
1345 1165 1440 1245 atque
1455 1163 1567 1227 aetatis

256 1259 438 1344 priuilegi03
458 1263 542 1325 unde
564 1263 596 1324 et
618 1260 763 1326 dominus
786 1283 875 1325 meus
897 1260 987 1325 Iesus
1008 1259 1162 1344 plurimos
1184 1266 1289 1344 patres
1310 1262 1426 1326 habere
1442 1262 1603 1342 diuitum

256 1384 331 1426 nem
352 1364 384 1424 et
405 1359 509 1425 David
530 1364 621 1443 pater
641 1361 709 1426 eius
730 1360 907 1444 appellatus
930 1366 978 1425 est
1000 1364 1031 1426 et
1045 1360 1159 1445 Ioseph
1181 1366 1272 1445 pater
1286 1363 1353 1426 eius
1367 1364 1497 1445 putatus
1513 1365 1568 1440 est

257 1482 329 1526 oum
351 1460 457 1525 nullus
478 1461 592 1525 borum
613 1464 704 1543 pater
726 1459 792 1525 eius
814 1460 911 1524 fuerIt
931 1462 1065 1526 veritate
1086 1466 1226 1526 naturae.
1261 1460 1347 1526 Nam
1361 1460 1466 1525 David
1479 1466 1570 1544 pater

207 1567 240 1619 lu
258 1562 325 1626 eius
348 1561 464 1625 dieitur
484 1561 597 1625 aetatis
619 1581 657 1623 so
681 1561 836 1643 temporis
856 1560 1039 1645 privilegio,
1065 1560 1179 1645 Ioseph
1200 1583 1275 1627 vero
1301 1560 1374 1644 Iege
1400 1562 1569 1634 nutriendi,

128 1689 137 1703 ·
258 1660 346 1726 solus
377 1664 482 1725 sutem
503 1663 581 1725 deus
602 1662 693 1743 pater
713 1661 781 1725 eius
811 1664 925 1724 natura
947 1665 1001 1738 est
1033 1662 1089 1745 qui
1118 1663 1225 1726 omnia
1245 1682 1303 1744 per
1324 1660 1455 1725 verbum
1477 1681 1570 1725 suum

258 1760 409 1826 velociter
429 1761 521 1825 nobis
543 1759 746 1824 manifestare
768 1759 917 1843 dignatus
939 1764 994 1825 est
1038 1757 1108 1825 Neo
1129 1761 1163 1825 in
1184 1759 1292 1844 aliquo
1314 1763 1490 1826 remoratus
1512 1762 1605 1825 doe

257 1860 362 1925 minus
383 1880 471 1924 meus
491 1857 592 1937 Iesus,
622 1858 707 1922 intra
727 1860 821 1923 unius
843 1861 918 1923 anni
948 1860 1086 1943 spatium
1106 1859 1327 1943 languentium
1348 1858 1567 1923 muItItudines

258 1958 397 2025 reddidit
425 1959 565 2037 sanitati,
596 1962 738 2023 mortuos
768 1957 846 2037 Iuoi,
876 1959 932 2042 qui
961 1960 1050 2024 verbi
1075 1961 1125 2024 sui
1146 1962 1304 2042 potestate
1326 1959 1472 2023 universa
1493 1979 1568 2024 eon·

208 2066 240 2117 15
258 2059 369 2144 plexus
400 2062 456 2124 est
498 2057 536 2123 Iu
562 2080 626 2142 quo
657 2060 784 2122 tandem
814 2062 989 2124 remoratus
1020 2063 1079 2138 est,
1109 2064 1145 2123 ut
1165 2060 1199 2123 in
1228 2059 1388 2142 paracleto
1411 2057 1566 2123 mittendo

257 2161 379 2224 tamdiu
401 2180 473 2223 eum
494 2161 686 2224 remoratum
708 2159 891 2222 credamus?
934 2157 1017 2234 Quin
1038 2159 1145 2243 potins
1167 2159 1270 2223 adfuit
1291 2159 1399 2222 statim
1413 2158 1497 2222 siout
1515 2158 1604 2222 su·4

257 2260 362 2343 petius
384 2259 503 2323 dietum
525 2262 581 2337 est,
602 2256 774 2341 plurimum
796 2255 929 2322 diffusus
950 2258 985 2322 in
1000 2257 1143 2337 Paulum,
1165 2260 1255 2323 euius
1274 2260 1370 2324 etiam
1384 2257 1567 2323 testimonio

258 2360 448 2424 credidimus
469 2358 599 2423 dicenti:
620 2362 700 2422 Mihi
720 2367 820 2421 auten
841 2363 898 2421 soli
918 2362 988 2422 datu
1008 2369 1050 2423 eat
1069 2364 1168 2439 oratio
1188 2363 1266 2423 bueo.
1313 2362 1374 2434 Qui
1389 2363 1481 2439 prius
1501 2361 1568 2439 qui·

258 2463 324 2523 deon
345 2462 532 2540 blembemus
552 2462 615 2538 sust
635 2467 661 2521 et
676 2468 846 2539 perseeutor
868 2457 1017 2522 ecelesiae
1039 2460 1105 2538 dei,
1128 2460 1182 2523 sed
1204 2478 1329 2523 rursum
1349 2458 1569 2523 manifestatus

208 2564 242 2620 20
260 2563 309 2623 est
329 2557 474 2624 omnibus
501 2557 575 2641 quia
597 2561 681 2623 esset
710 2556 813 2622 fidelis
844 2557 997 2640 paraeleti
1027 2558 1181 2636 minister3
1211 2579 1268 2641 per
1298 2579 1392 2642 quem
1414 2555 1568 2621 universis

259 2658 400 2723 innotuit
420 2657 590 2742 singularis
611 2657 679 2722 eius
701 2657 876 2735 elementia,
899 2659 984 2740 quod
1007 2661 1038 2721 et
1061 2660 1220 2740 usquead
1239 2679 1305 2738 nos,
1328 2656 1384 2742 qui
1398 2656 1569 2740 aIIquendo

260 2757 328 2821 sine
349 2777 405 2840 spe
427 2778 564 2837 eramus,
594 2759 750 2823 donorum
779 2759 847 2821 eius
876 2755 1006 2839 largitIo
1027 2757 1178 2839 pervenit
1221 2755 1298 2833 Quis
1320 2758 1404 2821 enim
1425 2761 1569 2822 nostrum
1587 2760 1605 2816 5

260 2878 384 2940 sperare
405 2860 530 2940 poterat
550 2861 783 2939 perseeutorem
806 2853 942 2921 Paulum
963 2859 995 2919 et
1015 2855 1178 2921 inimicum
1200 2855 1351 2922 ecelesiae
1372 2854 1570 2921 defensorem

259 2957 326 3022 eius
345 2978 382 3021 ao
400 2960 538 3022 tutorem
552 2956 714 3021 futurum?
736 2960 768 3021 et
788 2977 852 3021 non
874 2954 978 3020 solum
998 2955 1067 3034 hoo,
1088 2955 1307 3020 verumetiam
1329 2960 1361 3020 et
1375 2954 1569 3038 magistrum,

209 3060 243 3115 25
261 3055 462 3122 ecelesiarum
485 3057 681 3122 conditorem
697 3060 728 3120 et
742 3056 991 3120 arehiteetorem.
1026 3053 1105 3121 Post
1119 3057 1202 3120 hune
1217 3075 1292 3140 ergo
1308 3059 1425 3138 etpost
1438 3077 1492 3121 eos
1514 3054 1570 3138 qni

261 3177 332 3220 oum
354 3156 425 3238 ipse
447 3155 580 3235 fuerant
601 3157 634 3221 id
656 3160 704 3221 est
724 3160 799 3238 post
819 3154 1001 3238 discipulos,
1020 3153 1143 3220 nullum
1158 3154 1256 3220 elium
1270 3155 1376 3220 venire
1397 3156 1570 3220 seeundum

260 3255 432 3339 scripturas
445 3258 635 3338 sperandum
650 3260 711 3332 est;
725 3257 771 3320 ait
785 3257 869 3319 enim
884 3257 1030 3321 dominus
1043 3259 1151 3321 noster
1160 3253 1248 3319 Iesus
1263 3257 1301 3318 de
1315 3254 1484 3338 paracleto,
1497 3258 1570 3335 qaia

260 3366 286 3419 et
299 3359 334 3419 de
347 3378 411 3420 mee
424 3360 551 3437 oeetpiet
577 3353 639 3420 Vas
655 3375 731 3440 ergo
745 3353 909 3439 probabile
924 3354 1021 3439 elegit
1034 3353 1230 3420 hunevirum
1246 3375 1340 3436 quem
1355 3353 1442 3418 misit
1456 3356 1495 3417 ad
1511 3375 1568 3417 nos
1587 3360 1606 3412 6

260 3454 395 3519 Paulum
408 3455 443 3519 in
457 3455 546 3520 euius
561 3454 676 3538 spiritu
689 3454 816 3520 influxIt
830 3454 960 3538 spiritus
974 3458 1114 3533 sanetum
1132 3458 1163 3519 et
1177 3452 1260 3517 sieut
1274 3476 1338 3518 non
1352 3474 1447 3535 super
1461 3472 1569 3518 omnes

209 3554 403 3621 denomines
424 3554 554 3638 spiritus
576 3555 719 3620 habitare
740 3558 872 3639 poterat
894 3555 956 3619 nisi
970 3574 1149 3637 supereum
1163 3555 1220 3637 qui
1234 3556 1273 3617 de
1288 3551 1390 3617 Maria
1412 3553 1463 3617 dei
1483 3553 1570 3635 geni·

347 3720 386 3776 14
403 3720 455 3856 fiel.
473 3718 555 3774 Hebr.
576 3723 598 3787 1,
617 3723 633 3774 3
652 3749 685 3758 -
704 3720 742 3776 18
756 3717 856 3789 Ephes.
869 3720 922 3785 3,8
941 3749 973 3757 -
992 3717 1079 3783 reue
1098 3718 1111 3771 I
1128 3718 1196 3774 Tim
1208 3721 1231 3785 I,
1243 3719 1274 3773 13
1292 3748 1325 3756 -
1343 3716 1408 3774 251
1422 3716 1487 3770 Xor.
1502 3716 1571 3783 3,10

260 3835 292 3843 -
312 3805 349 3860 22
369 3804 402 3859 Jo
424 3804 482 3872 .16,
493 3806 526 3858 14

348 3954 403 4009 OM

345 4091 362 4147 1
381 4090 529 4160 gerebatur
546 4090 640 4160 (gereb
655 4089 743 4157 eleieb
760 4106 813 4143 aue
830 4106 915 4160 gener
931 4090 998 4142 ohne
1015 4088 1083 4142 Res.
1101 4090 1181 4155 eurr.)
1204 4088 1227 4143 0
1249 4089 1254 4156 Ι
1286 4089 1304 4143 2
1323 4087 1441 4157 partum]
1460 4090 1571 4158 patrum

245 4176 287 4250 ΙΟ
315 4179 320 4245 Ι
352 4174 535 4246 penitentiam
556 4174 611 4231 OM
639 4176 644 4243 Ι
677 4176 695 4231 b
722 4192 790 4243 quos
807 4173 981 4242 naturaliter]
1005 4174 1149 4242 quoetstur
1165 4171 1292 4227 aliterO
1320 4173 1325 4240 Ι
1357 4171 1498 4240 deorum]
1517 4188 1570 4226 arro

261 4260 380 4316 liliorum
397 4277 466 4315 sorr.
489 4259 526 4315 0²
551 4261 556 4326 Ι
583 4259 742 4314 enutrirerit
758 4259 808 4313 deu
825 4259 917 4312 nweite
934 4277 948 4312 r
964 4256 1206 4312 taeterrimo
1226 4258 1231 4325 Ι
1255 4255 1391 4326 nonnulli]
1410 4255 1570 4313 nonnullius

265 4346 320 4402 OM
347 4346 352 4414 Ι
386 4346 400 4402 i
424 4344 496 4399 unet
513 4345 585 4398 iesus
603 4350 636 4407 -Ι-
654 4342 772 4398 ehristus
795 4343 829 4398 M
857 4350 862 4405 Ι
897 4346 935 4400 le
961 4341 1141 4397 eredimusO
1170 4342 1174 4411 Ι
1208 4342 1294 4407 lem
1315 4341 1439 4412 superius
1465 4340 1570 4395 dietum

261 4432 304 4485 est
319 4446 367 4484 nor
384 4429 476 4484 adum
496 4426 591 4483 stetim
606 4427 822 4496 qeeebriebeuO
851 4430 855 4494 Ι
890 4428 978 4496 ltili)
1006 4425 1053 4495 qui
1071 4426 1146 4497 prius
1163 4425 1284 4496 quidem]
1302 4444 1328 4481 a.
1346 4426 1413 4480 Rue.
1431 4424 1467 4479 Μ
1493 4427 1498 4496 Ι
1532 4427 1570 4482 le

261 4513 438 4586 blasphemus
455 4514 509 4568 fuit
526 4512 590 4583 (luit
607 4512 767 4581 abnuam.)
778 4514 808 4567 ot
819 4512 864 4582 M]
883 4512 937 4566 fuit
951 4512 979 4576 0,
996 4511 1127 4565 eiellaieM
1143 4509 1191 4564 bnt
1204 4511 1236 4588 Μ
1250 4510 1318 4578 bier,
1335 4510 1387 4566 wie
1403 4509 1475 4564 arceb
1486 4514 1571 4576 soeret,

260 4597 320 4652 eine
343 4597 537 4664 Verbeesenmq
558 4614 612 4651 aue
633 4596 694 4651 dem
710 4597 747 4652 N.
769 4597 934 4655 livereuebi
966 4599 970 4665 Ι
1003 4597 1043 4651 20
1068 4595 1194 4650 minister
1210 4594 1339 4666 parseliti
1358 4595 1393 4650 M
1429 4597 1433 4663 Ι
1474 4596 1514 4651 29
1541 4595 1571 4649 in

262 4681 431 4750 ..inllu1it]
450 4681 480 4735 in
498 4682 609 4753 spiritus
627 4681 782 4738 influxitO
810 4685 816 4751 Ι
848 4680 944 4752 spiritu
963 4680 1039 4734 euius
1057 4679 1092 4734 Μ
1105 4700 1140 4729 ω
1158 4679 1206 4733 M²
1237 4681 1242 4747 Ι
1274 4683 1384 4735 sanctus
1402 4680 1480 4740 <0
