3726 5568
311 517 350 578 42
876 511 1062 583 Hegemonius

311 678 483 762 aliquando
505 679 615 745 bestiis
638 681 783 765 capiebat
804 680 922 760 cibum,
952 681 1122 767 aliquando
1153 703 1191 746 ex
1220 680 1311 746 hedis
1340 683 1418 747 boni
1443 680 1507 762 dei,
1532 680 1621 747 nulla

311 780 414 842 estin
435 779 485 844 his
506 778 695 860 differentia,
727 785 878 865 quantum
911 780 951 846 ad
981 803 1068 848 escas
1098 783 1247 865 pertinet,
1278 786 1310 845 et
1340 804 1378 847 ex
1403 783 1464 847 boc
1490 784 1621 866 adparet

311 878 405 942 unius
434 900 486 943 eas
509 900 575 944 esse
597 879 800 947 substantiae.
840 880 905 947 Sed
934 880 1032 946 alium
1055 882 1118 947 alio
1140 882 1236 966 longe
1258 881 1384 945 differre
1406 882 1619 965 ignorantiam
1640 898 1679 954 12

309 979 431 1060 pastori
452 980 670 1059 adscribimus,
692 980 851 1063 quianon
873 985 978 1064 aptam
1001 1004 1112 1061 escam,
1134 982 1210 1065 quin
1233 983 1340 1064 potius
1355 980 1490 1045 alienam
1505 981 1622 1047 obtulit

275 1076 361 1145 bvel
381 1080 516 1162 proiecit
536 1078 629 1145 leoni.
664 1080 732 1144 Aut
752 1081 835 1146 forte
856 1101 964 1145 rursus
988 1081 1186 1146 dissimulare
1208 1080 1318 1147 volens
1341 1083 1426 1147 dices
1447 1081 1526 1146 mihi
1548 1083 1623 1165 quia

310 1176 390 1241 nihil
410 1178 461 1244 leo
483 1178 537 1244 ille
563 1181 767 1246 comedebat?
809 1178 944 1245 Illumne
973 1181 1073 1264 igitur
1103 1181 1158 1264 qui
1189 1183 1352 1247 comedere
1373 1181 1534 1246 nesciebat
1554 1183 1622 1266 ipse

310 1279 350 1340 ad
372 1282 598 1344 comedendum
622 1281 760 1345 animam
781 1281 965 1363 provocavit
985 1302 1044 1345 nec
1067 1279 1136 1345 sola
1149 1280 1241 1346 fovea
1255 1284 1295 1345 ad
1310 1280 1530 1365 decipiendum
1550 1302 1622 1346 eum

311 1378 359 1441 uti
381 1377 503 1443 voluit?
539 1378 566 1442 si
588 1384 693 1445 tamen
716 1380 778 1447 hoc
799 1382 933 1464 dignum
954 1384 1002 1446 est
1023 1381 1126 1445 facere
1157 1383 1250 1445 deum
1281 1385 1313 1445 et
1339 1380 1429 1446 dolos
1451 1380 1623 1463 exquirere.

310 1475 354 1541 Et
375 1477 458 1542 siout
479 1500 534 1542 rex
556 1478 684 1563 aliquis,
706 1480 790 1547 bello
812 1480 874 1546 sibi
894 1479 1002 1559 inlato,
1024 1501 1225 1564 nequaquam
1253 1480 1383 1564 propria
1410 1479 1527 1545 virtute
1549 1494 1681 1550 con-18

260 1586 293 1640 10
311 1576 395 1650 fisus,
417 1580 473 1641 sed
494 1577 728 1644 inbeocillitatis
750 1601 825 1646 suae
840 1582 954 1646 timore
968 1579 1162 1663 perterritas,
1183 1579 1281 1644 muris
1295 1580 1365 1663 ipse
1379 1580 1467 1643 urbis
1481 1578 1623 1644 inclusus

310 1676 411 1742 vallos
432 1675 557 1761 aliaque
579 1680 775 1744 munimenta
797 1679 972 1744 circumdat
992 1700 1029 1743 ac
1049 1682 1225 1762 praeparat,
1247 1701 1342 1743 manu
1358 1700 1396 1744 ac
1409 1678 1528 1744 viribus
1543 1679 1624 1744 nihil

311 1776 425 1850 fidens;
457 1777 484 1840 si
506 1799 580 1843 vero
605 1778 653 1844 vir
673 1779 765 1843 fortis
786 1777 840 1858 sit,
870 1780 965 1844 etiarn
995 1800 1090 1862 porro
1121 1801 1139 1842 a
1168 1776 1234 1841 suis
1256 1777 1373 1842 finibus
1401 1779 1435 1842 in
1458 1800 1623 1844 occursum

311 1877 397 1941 hosti
418 1879 561 1960 procedit
582 1882 614 1942 et
634 1880 704 1962 agit
725 1880 832 1943 omnia
857 1900 1023 1962 usquequo
1053 1876 1160 1942 vincat
1185 1880 1217 1941 et
1239 1878 1381 1943 obtineat
1402 1878 1623 1944 adversarium.

395 1975 500 2042 XXIX
522 1975 661 2059 (XXVI).
697 1976 830 2043 lonrcns
860 1993 1047 2043 nrxannnr:
1083 1976 1118 2041 Si
1147 1978 1194 2042 ais
1221 1980 1379 2059 pastorem
1411 1979 1527 2042 hedum
1558 1980 1625 2043 sive

260 2088 294 2141 15
311 2096 430 2161 agnum
451 2077 537 2144 leoni
557 2077 741 2162 proiecisse,
772 2100 844 2143 cum
865 2078 920 2143 ille
941 2077 1080 2142 inrueret
1101 2079 1267 2142 adversum
1298 2077 1487 2161 ingenitum,
1518 2082 1625 2142 actum

312 2180 367 2242 est
410 2175 511 2254 Quem
532 2177 616 2241 enim
636 2181 743 2260 potest
762 2178 904 2242 indicare
923 2181 1034 2260 pastor
1054 2178 1207 2242 bedomm
1229 2181 1324 2260 atque
1353 2195 1521 2260 agnorum,
1551 2199 1623 2243 cum

311 2278 380 2359 ipse
402 2276 582 2341 inveniatur
603 2278 647 2341 eis
670 2298 764 2342 causa
783 2278 817 2340 in
841 2276 984 2342 delictis?
1014 2275 1164 2340 Traditus
1186 2276 1269 2341 enim
1291 2295 1392 2360 agnus
1413 2299 1471 2360 per
1491 2276 1661 2343 infirmi-2

311 2380 408 2439 tatem
440 2374 575 2457 pastoris
606 2377 750 2440 resistere
780 2399 845 2443 non
870 2375 972 2440 valuit
1000 2375 1087 2441 leoni
1116 2380 1148 2440 et
1177 2396 1372 2460 consequens
1404 2380 1452 2441 est
1480 2381 1518 2442 ut
1547 2398 1625 2461 quo

312 2496 448 2557 cumque
469 2473 567 2538 fuerit
585 2473 671 2540 leoni
691 2474 818 2540 libitum
841 2480 943 2560 gerat3
964 2480 1128 2558 tamquam
1150 2473 1177 2540 si
1199 2477 1346 2541 dominus
1367 2497 1466 2540 unum
1488 2499 1506 2541 e
1526 2478 1625 2542 servis

258 2582 293 2636 20
311 2575 377 2640 suis
399 2574 534 2639 electum
556 2574 607 2639 vel
627 2579 823 2658 permotum
844 2578 950 2640 tradat
970 2575 1149 2640 adversario
1164 2596 1231 2654 suo,
1252 2597 1346 2659 quern
1364 2597 1472 2640 mrsus
1486 2577 1626 2660 recipere

310 2673 376 2740 suis
404 2674 523 2740 viribus
550 2697 614 2740 non
641 2673 754 2741 valeat
797 2673 831 2739 Si
860 2698 935 2742 vero
962 2698 1037 2741 casu
1067 2673 1175 2758 aliquo
1206 2675 1386 2758 provenerit
1416 2696 1487 2738 eum
1518 2675 1663 2758 recipis

312 2796 376 2857 qua
397 2778 525 2841 tandem
547 2775 669 2840 ratione
690 2779 849 2840 tormenta
879 2777 909 2841 ei
935 2776 1054 2859 poterit
1073 2776 1233 2859 inrogare,
1254 2773 1282 2839 si
1302 2775 1342 2837 ad
1364 2775 1471 2839 omnia
1492 2797 1574 2859 quae
1595 2777 1625 2840 ei

310 2873 478 2958 inperabat
498 2874 646 2939 inimicus
666 2876 806 2957 parebat,
828 2897 900 2941 cum
922 2898 995 2941 eum
1016 2877 1085 2960 ipse
1105 2875 1271 2940 tradiderit
1284 2873 1422 2953 inimico,
1443 2874 1526 2940 siout
1539 2875 1624 2941 leoni

312 2974 450 3040 hedum?
485 2978 744 3057 praenoscentem
770 2975 855 3039 enim
881 2977 1001 3041 adseris
1028 2997 1094 3040 esse
1116 2978 1284 3059 pastorem.
1325 2972 1518 3040 Verberatus
1541 2974 1624 3038 enim

259 3084 294 3138 25
314 3092 415 3156 agnus
451 3077 483 3138 et
510 3072 720 3157 interroganti
748 3095 782 3139 se
811 3076 933 3157 pastori
959 3097 1015 3140 cur
1040 3075 1073 3140 in
1099 3075 1149 3139 his
1174 3074 1259 3140 leoni
1280 3073 1421 3156 paruerit
1441 3077 1623 3158 respondet:

313 3171 362 3236 Tu
371 3195 422 3238 me
430 3172 516 3239 leoni
524 3172 684 3238 tradidisti
698 3195 757 3239 nec
766 3174 911 3240 restitisti
926 3177 1075 3240 adversus
1091 3195 1172 3254 eum,
1187 3173 1289 3238 sciens
1298 3176 1330 3237 et
1343 3172 1528 3256 praevidens
1543 3195 1623 3258 quae
1642 3190 1662 3244 4

313 3273 393 3337 mibi
410 3275 547 3356 gerenda
564 3273 678 3353 forent,
695 3295 768 3338 cum
791 3275 859 3339 eius
880 3296 931 3340 me
952 3297 1080 3340 necesse
1102 3278 1185 3339 essct
1206 3274 1424 3356 obtemperare
1438 3275 1623 3356 praeceptis.

311 3371 355 3437 Et
379 3395 420 3438 ne
445 3371 547 3438 multa
576 3375 733 3453 dicamus,
762 3395 866 3458 neque
892 3376 968 3439 deus
989 3373 1148 3458 perfectus
1177 3377 1287 3458 pastor
1316 3373 1494 3438 ostenditur
1522 3394 1624 3457 neque

312 3471 363 3538 leo
378 3471 499 3539 abenas
524 3474 612 3540 cibos
626 3475 804 3558 percepisse
819 3477 1066 3555 demonstratum
1089 3477 1120 3538 et
1134 3474 1206 3538 ideo
1228 3474 1298 3555 ipsa
1318 3472 1450 3538 veritate
1472 3475 1624 3539 edocente

259 3583 294 3638 30
312 3572 429 3636 claruit
458 3573 508 3637 bis
539 3595 620 3656 quae
652 3572 691 3637 ab
712 3572 871 3639 Archelao
894 3574 978 3638 dicta
999 3577 1074 3638 sunt
1094 3571 1233 3656 palmam
1255 3593 1314 3637 nos
1336 3571 1450 3636 debere
1472 3572 1623 3637 conferre.

395 3669 492 3735 XXX.
533 3673 738 3737 Aacrrnnsus
766 3692 878 3738 nrxrn:
913 3670 1070 3748 Quoniam
1102 3674 1230 3757 quidem
1261 3671 1300 3735 de
1329 3673 1476 3737 omnibus
1507 3674 1622 3757 quibus

312 3771 558 3854 disceptavimus
587 3774 755 3854 prudentia
776 3774 917 3837 iudicum
938 3772 1158 3856 plenissimum
1180 3772 1350 3837 terminum
1372 3773 1491 3854 posuit,
1518 3776 1623 3836 tacen-

311 3871 387 3934 dum
411 3875 458 3935 est
479 3873 517 3935 de
539 3871 670 3954 reliquis
693 3876 724 3936 et
744 3873 778 3935 in
800 3876 925 3956 tempus
947 3870 1034 3935 aliud
1055 3875 1287 3937 reservandum.
1331 3870 1420 3936 Sicut
1446 3872 1529 3935 enim
1551 3872 1623 3955 quis

311 3972 468 4053 serpentis
491 3976 633 4036 conterat
657 3975 764 4055 caput,
794 3973 826 4036 in
854 3970 977 4035 nullum
998 3970 1063 4034 iam
1084 3969 1208 4056 reliqua
1229 3973 1371 4054 corporis
1393 3970 1459 4036 eius
1481 3970 1623 4035 membra

257 4077 293 4132 35
311 4071 491 4153 deputanda
511 4076 598 4148 sunt,
620 4072 666 4135 ita
687 4069 849 4136 dualitatis
872 4071 1056 4154 quaestione
1071 4071 1195 4145 reiecta,
1216 4073 1299 4136 sicut
1312 4094 1370 4155 pro
1386 4070 1505 4135 viribus
1521 4077 1623 4136 osten-

400 4219 455 4273 OM

396 4354 412 4410 1
441 4371 475 4409 ex
498 4354 586 4424 hedis]
604 4371 638 4409 ex
656 4354 692 4411 do
709 4355 797 4409 hisC
825 4356 830 4423 Ι
863 4356 881 4410 d
904 4373 951 4410 eas
968 4374 1022 4410 ons
1040 4374 1115 4412 escas
1133 4374 1202 4411 corr.
1224 4356 1262 4411 0²
1293 4358 1298 4424 1
1330 4356 1379 4422 all
1406 4356 1453 4411 sed
1472 4396 1477 4407 .
1498 4395 1503 4407 .
1523 4356 1622 4410 adscri-

309 4437 409 4508 bimus]
432 4438 492 4492 ea’oe
509 4438 599 4492 Irir'clre
616 4438 655 4493 ist
673 4441 877 4505 acaunebmcm
895 4442 966 4495 nacla
985 4441 1093 4497 differre
1110 4447 1143 4505 -l-
1161 4441 1185 4495 si
1202 4441 1325 4496 dicamus
1336 4440 1462 4508 Zaccpaa‘
1479 4443 1483 4509 l
1507 4441 1527 4496 4
1546 4457 1621 4495 escas

314 4524 337 4579 O
360 4525 365 4591 1
390 4523 430 4579 14
447 4523 488 4578 ais
505 4524 653 4593 pastorem]
670 4527 703 4579 ut
721 4524 761 4579 ais
778 4529 872 4597 pastor
889 4526 924 4580 Μ
943 4528 948 4595 Ι
973 4526 1010 4582 lb
1028 4526 1181 4597 proiecisse]
1201 4524 1316 4597 proiecit
1334 4525 1368 4579 Μ
1395 4527 1400 4594 Ι
1433 4526 1469 4580 l?
1490 4542 1573 4579 causa
1590 4524 1620 4578 in

310 4607 429 4677 delictis]
447 4607 477 4661 in
495 4606 591 4662 delicti
608 4609 630 4662 si
649 4611 776 4665 causaO
805 4613 809 4679 Ι
843 4611 881 4668 18
900 4610 1092 4681 quodcumque
1110 4611 1143 4664 M
1169 4614 1172 4679 l
1198 4612 1237 4667 24
1256 4610 1423 4678 enimlncat
1441 4609 1619 4678 verberatum]

310 4691 447 4748 autemM
466 4693 471 4759 l
495 4694 534 4748 ab
553 4694 654 4762 quaO
684 4696 688 4764 Ι
721 4695 760 4750 119
779 4695 895 4751 docente
913 4696 948 4749 Μ
968 4700 971 4765 Ι
995 4697 1035 4752 dd
1055 4696 1125 4751 rracb
1143 4696 1216 4750 enim
1234 4701 1267 4759 -l-
1285 4693 1309 4748 ei
1325 4694 1455 4764 Zocoqai,
1473 4694 1620 4763 opl.33,11
