<?xml version="1.0" encoding="UTF-8"?>
<!DOCTYPE html PUBLIC "-//W3C//DTD XHTML 1.0 Transitional//EN"
    "http://www.w3.org/TR/xhtml1/DTD/xhtml1-transitional.dtd">
<html xmlns="http://www.w3.org/1999/xhtml" xml:lang="en" lang="en">
 <head>
  <title>
</title>
<meta http-equiv="Content-Type" content="text/html;charset=utf-8" />
  <meta name='ocr-system' content='tesseract 3.04.00' />
  <meta name='ocr-capabilities' content='ocr_page ocr_carea ocr_par ocr_line ocrx_word'/>
</head>
<body>
  <div class='ocr_page' id='page_1' title='image "./diegriechischen05wissgoog_0105.png"; bbox 0 0 3726 5568; ppageno 0'>
   <div class='ocr_carea' id='block_1_1' title="bbox 637 532 1525 602">
    <p class='ocr_par' dir='ltr' id='par_1_1' title="bbox 637 532 1525 602">
     <span class='ocr_line' id='line_1_1' title="bbox 637 532 1525 602; baseline 0.001 -17"><span class='ocrx_word' id='word_1_1' title='bbox 637 534 709 586; x_wconf 84' lang='lat' dir='ltr'><strong>Aeta</strong></span> <span class='ocrx_word' id='word_1_2' title='bbox 726 532 854 588; x_wconf 82' lang='lat' dir='ltr'><strong>Archelai</strong></span> <span class='ocrx_word' id='word_1_3' title='bbox 871 532 969 586; x_wconf 84' lang='lat' dir='ltr'>XXXI.</span> <span class='ocrx_word' id='word_1_4' title='bbox 987 533 1099 586; x_wconf 82' lang='lat' dir='ltr'>XXXII.</span> <span class='ocrx_word' id='word_1_5' title='bbox 1485 541 1525 602; x_wconf 78' lang='lat'><strong>45</strong></span> 
     </span>
    </p>
   </div>
   <div class='ocr_carea' id='block_1_2' title="bbox 158 696 1559 2880">
    <p class='ocr_par' dir='ltr' id='par_1_2' title="bbox 214 696 1524 1084">
     <span class='ocr_line' id='line_1_2' title="bbox 299 696 1524 785; baseline 0.003 -22"><span class='ocrx_word' id='word_1_6' title='bbox 299 698 419 764; x_wconf 84' lang='lat' dir='ltr'>XXXII</span> <span class='ocrx_word' id='word_1_7' title='bbox 440 696 611 782; x_wconf 65' lang='lat' dir='ltr'>(XXVIII).</span> <span class='ocrx_word' id='word_1_8' title='bbox 630 701 751 766; x_wconf 71' lang='lat' dir='ltr'><strong>Manus</strong></span> <span class='ocrx_word' id='word_1_9' title='bbox 764 720 874 768; x_wconf 76' lang='lat' dir='ltr'><strong>unns:</strong></span> <span class='ocrx_word' id='word_1_10' title='bbox 895 701 1032 767; x_wconf 83' lang='lat' dir='ltr'><strong>Tuomet</strong></span> <span class='ocrx_word' id='word_1_11' title='bbox 1044 703 1143 784; x_wconf 86' lang='lat' dir='ltr'><strong>ipsius</strong></span> <span class='ocrx_word' id='word_1_12' title='bbox 1158 703 1276 767; x_wconf 92' lang='lat' dir='ltr'><strong>indicio</strong></span> <span class='ocrx_word' id='word_1_13' title='bbox 1292 702 1524 785; x_wconf 86' lang='lat' dir='ltr'><strong>conprehensus</strong></span> 
     </span>
     <span class='ocr_line' id='line_1_3' title="bbox 216 800 1524 888; baseline 0.003 -26"><span class='ocrx_word' id='word_1_14' title='bbox 216 820 261 873; x_wconf 88' lang='lat' dir='ltr'><strong>es,</strong></span> <span class='ocrx_word' id='word_1_15' title='bbox 291 800 369 863; x_wconf 88' lang='lat' dir='ltr'><strong>haec</strong></span> <span class='ocrx_word' id='word_1_16' title='bbox 398 802 483 866; x_wconf 90' lang='lat' dir='ltr'><strong>enim</strong></span> <span class='ocrx_word' id='word_1_17' title='bbox 513 804 680 867; x_wconf 80' lang='lat' dir='ltr'><strong>adversum</strong></span> <span class='ocrx_word' id='word_1_18' title='bbox 709 806 740 867; x_wconf 89' lang='lat' dir='ltr'><strong>te</strong></span> <span class='ocrx_word' id='word_1_19' title='bbox 770 801 895 867; x_wconf 88' lang='lat' dir='ltr'><strong>locutus</strong></span> <span class='ocrx_word' id='word_1_20' title='bbox 920 805 1048 888; x_wconf 77' lang='lat' dir='ltr'><strong>ignoras</strong></span> <span class='ocrx_word' id='word_1_21' title='bbox 1084 802 1159 885; x_wconf 88' lang='lat' dir='ltr'><strong>quia</strong></span> <span class='ocrx_word' id='word_1_22' title='bbox 1189 803 1265 866; x_wconf 87' lang='lat' dir='ltr'><strong>dnm</strong></span> <span class='ocrx_word' id='word_1_23' title='bbox 1295 800 1360 883; x_wconf 69' lang='lat' dir='ltr'><strong>(in)</strong></span> <span class='ocrx_word' id='word_1_24' title='bbox 1395 824 1446 866; x_wconf 92' lang='lat' dir='ltr'><strong>me</strong></span> <span class='ocrx_word' id='word_1_25' title='bbox 1476 802 1524 866; x_wconf 84' lang='lat' dir='ltr'><strong>vis</strong></span> 
     </span>
     <span class='ocr_line' id='line_1_4' title="bbox 214 898 1524 986; baseline 0.003 -24"><span class='ocrx_word' id='word_1_26' title='bbox 214 898 331 982; x_wconf 87' lang='lat' dir='ltr'><strong>probra</strong></span> <span class='ocrx_word' id='word_1_27' title='bbox 351 901 503 977; x_wconf 72' lang='lat' dir='ltr'>conicere,</span> <span class='ocrx_word' id='word_1_28' title='bbox 524 902 637 967; x_wconf 85' lang='lat' dir='ltr'><strong>maiori</strong></span> <span class='ocrx_word' id='word_1_29' title='bbox 659 902 770 985; x_wconf 91' lang='lat' dir='ltr'><strong>culpae</strong></span> <span class='ocrx_word' id='word_1_30' title='bbox 791 903 860 986; x_wconf 87' lang='lat' dir='ltr'><strong>ipse</strong></span> <span class='ocrx_word' id='word_1_31' title='bbox 882 903 1073 967; x_wconf 86' lang='lat' dir='ltr'><strong>subcumbis.</strong></span> <span class='ocrx_word' id='word_1_32' title='bbox 1117 898 1179 965; x_wconf 91' lang='lat' dir='ltr'><strong>Dic</strong></span> <span class='ocrx_word' id='word_1_33' title='bbox 1201 920 1259 985; x_wconf 84' lang='lat' dir='ltr'><strong>age</strong></span> <span class='ocrx_word' id='word_1_34' title='bbox 1281 901 1360 965; x_wconf 90' lang='lat' dir='ltr'><strong>mihi</strong></span> <span class='ocrx_word' id='word_1_35' title='bbox 1381 902 1474 979; x_wconf 89' lang='lat' dir='ltr'><strong>istud,</strong></span> <span class='ocrx_word' id='word_1_36' title='bbox 1496 903 1524 966; x_wconf 91' lang='lat' dir='ltr'><strong>si</strong></span> 
     </span>
     <span class='ocr_line' id='line_1_5' title="bbox 214 999 1522 1084; baseline 0 -21"><span class='ocrx_word' id='word_1_37' title='bbox 214 1020 324 1063; x_wconf 91' lang='lat' dir='ltr'><strong>omnes</strong></span> <span class='ocrx_word' id='word_1_38' title='bbox 346 1000 403 1081; x_wconf 90' lang='lat' dir='ltr'><strong>qui</strong></span> <span class='ocrx_word' id='word_1_39' title='bbox 425 1022 444 1063; x_wconf 93' lang='lat' dir='ltr'><strong>a</strong></span> <span class='ocrx_word' id='word_1_40' title='bbox 464 999 593 1066; x_wconf 78' lang='lat' dir='ltr'><strong>Tiberio</strong></span> <span class='ocrx_word' id='word_1_41' title='bbox 614 1023 716 1084; x_wconf 88' lang='lat' dir='ltr'><strong>usque</strong></span> <span class='ocrx_word' id='word_1_42' title='bbox 738 1003 778 1065; x_wconf 89' lang='lat' dir='ltr'><strong>ad</strong></span> <span class='ocrx_word' id='word_1_43' title='bbox 799 1000 939 1066; x_wconf 89' lang='lat' dir='ltr'>Probum</span> <span class='ocrx_word' id='word_1_44' title='bbox 962 1001 1103 1066; x_wconf 78' lang='lat' dir='ltr'><strong>defuncti</strong></span> <span class='ocrx_word' id='word_1_45' title='bbox 1124 1005 1198 1066; x_wconf 88' lang='lat' dir='ltr'><strong>sunt</strong></span> <span class='ocrx_word' id='word_1_46' title='bbox 1220 1001 1326 1065; x_wconf 87' lang='lat' dir='ltr'><strong>dicent</strong></span> <span class='ocrx_word' id='word_1_47' title='bbox 1347 1003 1386 1063; x_wconf 86' lang='lat' dir='ltr'><strong>ad</strong></span> <span class='ocrx_word' id='word_1_48' title='bbox 1402 999 1522 1066; x_wconf 89' lang='lat' dir='ltr'><strong>Iesum:</strong></span> 
     </span>
    </p>

    <p class='ocr_par' dir='ltr' id='par_1_3' title="bbox 158 1094 1559 2880">
     <span class='ocr_line' id='line_1_6' title="bbox 179 1094 1559 1184; baseline -0.005 -18"><span class='ocrx_word' id='word_1_49' title='bbox 179 1094 325 1166; x_wconf 81' lang='lat' dir='ltr'><strong>5Nolito</strong></span> <span class='ocrx_word' id='word_1_50' title='bbox 355 1120 413 1164; x_wconf 91' lang='lat' dir='ltr'><strong>nos</strong></span> <span class='ocrx_word' id='word_1_51' title='bbox 446 1101 586 1165; x_wconf 87' lang='lat' dir='ltr'><strong>iudicare</strong></span> <span class='ocrx_word' id='word_1_52' title='bbox 617 1103 693 1184; x_wconf 88' lang='lat' dir='ltr'><strong>quia</strong></span> <span class='ocrx_word' id='word_1_53' title='bbox 723 1121 818 1184; x_wconf 89' lang='lat' dir='ltr'><strong>opera</strong></span> <span class='ocrx_word' id='word_1_54' title='bbox 846 1105 903 1165; x_wconf 88' lang='lat' dir='ltr'><strong>tna</strong></span> <span class='ocrx_word' id='word_1_55' title='bbox 932 1123 996 1166; x_wconf 91' lang='lat' dir='ltr'><strong>non</strong></span> <span class='ocrx_word' id='word_1_56' title='bbox 1021 1100 1168 1181; x_wconf 83' lang='lat' dir='ltr'><strong>fecimus,</strong></span> <span class='ocrx_word' id='word_1_57' title='bbox 1198 1123 1263 1166; x_wconf 90' lang='lat' dir='ltr'><strong>non</strong></span> <span class='ocrx_word' id='word_1_58' title='bbox 1294 1100 1378 1164; x_wconf 92' lang='lat' dir='ltr'><strong>enim</strong></span> <span class='ocrx_word' id='word_1_59' title='bbox 1408 1102 1559 1165; x_wconf 65' lang='lat' dir='ltr'><strong>misistit</strong></span> 
     </span>
     <span class='ocr_line' id='line_1_7' title="bbox 212 1198 1522 1282; baseline 0.004 -21"><span class='ocrx_word' id='word_1_60' title='bbox 212 1198 304 1262; x_wconf 89' lang='lat' dir='ltr'><strong>nobis</strong></span> <span class='ocrx_word' id='word_1_61' title='bbox 324 1198 528 1282; x_wconf 87' lang='lat' dir='ltr'><strong>paracletum,</strong></span> <span class='ocrx_word' id='word_1_62' title='bbox 551 1222 623 1264; x_wconf 88' lang='lat' dir='ltr'><strong>cum</strong></span> <span class='ocrx_word' id='word_1_63' title='bbox 645 1201 761 1266; x_wconf 83' lang='lat' dir='ltr'><strong>dixeris</strong></span> <span class='ocrx_word' id='word_1_64' title='bbox 783 1205 823 1280; x_wconf 89' lang='lat' dir='ltr'><strong>te,</strong></span> <span class='ocrx_word' id='word_1_65' title='bbox 844 1223 919 1266; x_wconf 83' lang='lat' dir='ltr'><strong>mox</strong></span> <span class='ocrx_word' id='word_1_66' title='bbox 942 1201 1014 1279; x_wconf 89' lang='lat' dir='ltr'><strong>ires,</strong></span> <span class='ocrx_word' id='word_1_67' title='bbox 1036 1201 1205 1266; x_wconf 87' lang='lat' dir='ltr'><strong>missurum</strong></span> <span class='ocrx_word' id='word_1_68' title='bbox 1231 1221 1311 1277; x_wconf 90' lang='lat' dir='ltr'><strong>esse,</strong></span> <span class='ocrx_word' id='word_1_69' title='bbox 1333 1223 1396 1266; x_wconf 91' lang='lat' dir='ltr'><strong>non</strong></span> <span class='ocrx_word' id='word_1_70' title='bbox 1421 1200 1522 1266; x_wconf 92' lang='lat' dir='ltr'><strong>multo</strong></span> 
     </span>
     <span class='ocr_line' id='line_1_8' title="bbox 212 1297 1522 1384; baseline 0.001 -23"><span class='ocrx_word' id='word_1_71' title='bbox 212 1298 315 1382; x_wconf 81' lang='lat' dir='ltr'><strong>magis</strong></span> <span class='ocrx_word' id='word_1_72' title='bbox 340 1297 390 1363; x_wconf 90' lang='lat' dir='ltr'><strong>illi</strong></span> <span class='ocrx_word' id='word_1_73' title='bbox 416 1300 494 1364; x_wconf 89' lang='lat' dir='ltr'><strong>haec</strong></span> <span class='ocrx_word' id='word_1_74' title='bbox 516 1300 632 1378; x_wconf 88' lang='lat' dir='ltr'><strong>dicent,</strong></span> <span class='ocrx_word' id='word_1_75' title='bbox 663 1302 719 1384; x_wconf 89' lang='lat' dir='ltr'><strong>qui</strong></span> <span class='ocrx_word' id='word_1_76' title='bbox 746 1300 896 1383; x_wconf 82' lang='lat' dir='ltr'><strong>aMoyse</strong></span> <span class='ocrx_word' id='word_1_77' title='bbox 926 1321 1026 1383; x_wconf 88' lang='lat' dir='ltr'><strong>usque</strong></span> <span class='ocrx_word' id='word_1_78' title='bbox 1057 1302 1098 1364; x_wconf 89' lang='lat' dir='ltr'><strong>ad</strong></span> <span class='ocrx_word' id='word_1_79' title='bbox 1128 1301 1296 1365; x_wconf 82' lang='lat' dir='ltr'><strong>adventum</strong></span> <span class='ocrx_word' id='word_1_80' title='bbox 1328 1301 1428 1383; x_wconf 89' lang='lat' dir='ltr'><strong>ipsius</strong></span> <span class='ocrx_word' id='word_1_81' title='bbox 1450 1297 1522 1364; x_wconf 90' lang='lat' dir='ltr'><strong>lesu</strong></span> 
     </span>
     <span class='ocr_line' id='line_1_9' title="bbox 213 1396 1521 1478; baseline 0 -15"><span class='ocrx_word' id='word_1_82' title='bbox 213 1396 329 1463; x_wconf 80' lang='lat' dir='ltr'><strong>Christi</strong></span> <span class='ocrx_word' id='word_1_83' title='bbox 351 1399 449 1463; x_wconf 82' lang='lat' dir='ltr'><strong>vitam</strong></span> <span class='ocrx_word' id='word_1_84' title='bbox 472 1406 683 1478; x_wconf 86' lang='lat' dir='ltr'><strong>excesserunt,</strong></span> <span class='ocrx_word' id='word_1_85' title='bbox 714 1405 746 1465; x_wconf 90' lang='lat' dir='ltr'><strong>et</strong></span> <span class='ocrx_word' id='word_1_86' title='bbox 767 1424 804 1465; x_wconf 90' lang='lat' dir='ltr'><strong>eo</strong></span> <span class='ocrx_word' id='word_1_87' title='bbox 827 1401 941 1465; x_wconf 87' lang='lat' dir='ltr'><strong>rectius</strong></span> <span class='ocrx_word' id='word_1_88' title='bbox 963 1401 1081 1465; x_wconf 89' lang='lat' dir='ltr'><strong>dicent:</strong></span> <span class='ocrx_word' id='word_1_89' title='bbox 1112 1398 1190 1465; x_wconf 91' lang='lat' dir='ltr'><strong>Noli</strong></span> <span class='ocrx_word' id='word_1_90' title='bbox 1221 1422 1279 1465; x_wconf 89' lang='lat' dir='ltr'><strong>nos</strong></span> <span class='ocrx_word' id='word_1_91' title='bbox 1308 1402 1431 1464; x_wconf 78' lang='lat' dir='ltr'>tradere</span> <span class='ocrx_word' id='word_1_92' title='bbox 1458 1404 1521 1465; x_wconf 88' lang='lat' dir='ltr'><strong>tor·</strong></span> 
     </span>
     <span class='ocr_line' id='line_1_10' title="bbox 211 1498 1559 1584; baseline 0.001 -24"><span class='ocrx_word' id='word_1_93' title='bbox 211 1498 334 1577; x_wconf 90' lang='lat' dir='ltr'><strong>mentis,</strong></span> <span class='ocrx_word' id='word_1_94' title='bbox 356 1500 507 1582; x_wconf 87' lang='lat' dir='ltr'><strong>quoniam</strong></span> <span class='ocrx_word' id='word_1_95' title='bbox 530 1500 725 1583; x_wconf 75' lang='lat' dir='ltr'><strong>agnitionem</strong></span> <span class='ocrx_word' id='word_1_96' title='bbox 747 1502 794 1565; x_wconf 90' lang='lat' dir='ltr'><strong>tui</strong></span> <span class='ocrx_word' id='word_1_97' title='bbox 816 1523 879 1567; x_wconf 91' lang='lat' dir='ltr'><strong>nan</strong></span> <span class='ocrx_word' id='word_1_98' title='bbox 901 1502 1100 1584; x_wconf 78' lang='lat' dir='ltr'><strong>accepimus?</strong></span> <span class='ocrx_word' id='word_1_99' title='bbox 1135 1498 1178 1564; x_wconf 82' lang='lat' dir='ltr'><strong>Et</strong></span> <span class='ocrx_word' id='word_1_100' title='bbox 1204 1522 1267 1565; x_wconf 91' lang='lat' dir='ltr'><strong>non</strong></span> <span class='ocrx_word' id='word_1_101' title='bbox 1294 1499 1397 1565; x_wconf 87' lang='lat' dir='ltr'><strong>solum</strong></span> <span class='ocrx_word' id='word_1_102' title='bbox 1420 1501 1444 1564; x_wconf 91' lang='lat' dir='ltr'><strong>ii</strong></span> <span class='ocrx_word' id='word_1_103' title='bbox 1466 1500 1521 1582; x_wconf 87' lang='lat' dir='ltr'><strong>qni</strong></span> <span class='ocrx_word' id='word_1_104' title='bbox 1540 1508 1559 1563; x_wconf 79' lang='lat'><em>8</em></span> 
     </span>
     <span class='ocr_line' id='line_1_11' title="bbox 161 1598 1521 1683; baseline -0.001 -19"><span class='ocrx_word' id='word_1_105' title='bbox 161 1612 194 1666; x_wconf 86' lang='lat'><strong>10</strong></span> <span class='ocrx_word' id='word_1_106' title='bbox 211 1601 284 1661; x_wconf 82' lang='lat' dir='ltr'><strong>ante</strong></span> <span class='ocrx_word' id='word_1_107' title='bbox 305 1598 406 1681; x_wconf 89' lang='lat' dir='ltr'><strong>ipsius</strong></span> <span class='ocrx_word' id='word_1_108' title='bbox 428 1602 599 1664; x_wconf 86' lang='lat' dir='ltr'><strong>adventum</strong></span> <span class='ocrx_word' id='word_1_109' title='bbox 622 1603 822 1666; x_wconf 89' lang='lat' dir='ltr'><strong>decesserunt</strong></span> <span class='ocrx_word' id='word_1_110' title='bbox 842 1601 911 1665; x_wconf 87' lang='lat' dir='ltr'><strong>inre</strong></span> <span class='ocrx_word' id='word_1_111' title='bbox 933 1600 1012 1665; x_wconf 87' lang='lat' dir='ltr'><strong>haec</strong></span> <span class='ocrx_word' id='word_1_112' title='bbox 1033 1600 1170 1683; x_wconf 81' lang='lat' dir='ltr'><strong>allegare</strong></span> <span class='ocrx_word' id='word_1_113' title='bbox 1185 1601 1389 1675; x_wconf 81' lang='lat' dir='ltr'><strong>videbuntur,</strong></span> <span class='ocrx_word' id='word_1_114' title='bbox 1411 1620 1521 1665; x_wconf 81' lang='lat' dir='ltr'><strong>verum</strong></span> 
     </span>
     <span class='ocr_line' id='line_1_12' title="bbox 211 1697 1521 1784; baseline 0.002 -24"><span class='ocrx_word' id='word_1_115' title='bbox 211 1698 308 1761; x_wconf 88' lang='lat' dir='ltr'><strong>etiam</strong></span> <span class='ocrx_word' id='word_1_116' title='bbox 329 1697 378 1762; x_wconf 91' lang='lat' dir='ltr'><strong>illi</strong></span> <span class='ocrx_word' id='word_1_117' title='bbox 400 1699 457 1782; x_wconf 91' lang='lat' dir='ltr'><strong>qni</strong></span> <span class='ocrx_word' id='word_1_118' title='bbox 478 1700 518 1763; x_wconf 90' lang='lat' dir='ltr'><strong>ab</strong></span> <span class='ocrx_word' id='word_1_119' title='bbox 539 1700 644 1764; x_wconf 81' lang='lat' dir='ltr'><strong>Adam</strong></span> <span class='ocrx_word' id='word_1_120' title='bbox 665 1721 766 1784; x_wconf 88' lang='lat' dir='ltr'><strong>usque</strong></span> <span class='ocrx_word' id='word_1_121' title='bbox 788 1702 828 1764; x_wconf 91' lang='lat' dir='ltr'><strong>ad</strong></span> <span class='ocrx_word' id='word_1_122' title='bbox 855 1702 1024 1765; x_wconf 84' lang='lat' dir='ltr'><strong>adventum</strong></span> <span class='ocrx_word' id='word_1_123' title='bbox 1046 1699 1116 1765; x_wconf 88' lang='lat' dir='ltr'><strong>Iesu</strong></span> <span class='ocrx_word' id='word_1_124' title='bbox 1144 1701 1304 1776; x_wconf 79' lang='lat' dir='ltr'><strong>obierunt3</strong></span> <span class='ocrx_word' id='word_1_125' title='bbox 1335 1720 1438 1781; x_wconf 87' lang='lat' dir='ltr'><strong>neque</strong></span> <span class='ocrx_word' id='word_1_126' title='bbox 1468 1722 1521 1782; x_wconf 89' lang='lat' dir='ltr'><strong>pa·</strong></span> 
     </span>
     <span class='ocr_line' id='line_1_13' title="bbox 209 1796 1519 1882; baseline 0.002 -22"><span class='ocrx_word' id='word_1_127' title='bbox 209 1796 321 1862; x_wconf 88' lang='lat' dir='ltr'><strong>racleti</strong></span> <span class='ocrx_word' id='word_1_128' title='bbox 346 1800 431 1863; x_wconf 89' lang='lat' dir='ltr'><strong>enim</strong></span> <span class='ocrx_word' id='word_1_129' title='bbox 452 1800 618 1864; x_wconf 87' lang='lat' dir='ltr'><strong>scientiam</strong></span> <span class='ocrx_word' id='word_1_130' title='bbox 641 1801 802 1864; x_wconf 76' lang='lat' dir='ltr'><strong>consecuti</strong></span> <span class='ocrx_word' id='word_1_131' title='bbox 823 1804 899 1864; x_wconf 89' lang='lat' dir='ltr'><strong>sunt</strong></span> <span class='ocrx_word' id='word_1_132' title='bbox 920 1821 1022 1882; x_wconf 89' lang='lat' dir='ltr'><strong>neque</strong></span> <span class='ocrx_word' id='word_1_133' title='bbox 1043 1798 1114 1864; x_wconf 89' lang='lat' dir='ltr'><strong>lesu</strong></span> <span class='ocrx_word' id='word_1_134' title='bbox 1137 1801 1282 1865; x_wconf 89' lang='lat' dir='ltr'><strong>doctrina</strong></span> <span class='ocrx_word' id='word_1_135' title='bbox 1304 1801 1418 1864; x_wconf 89' lang='lat' dir='ltr'><strong>eruditi</strong></span> <span class='ocrx_word' id='word_1_136' title='bbox 1437 1804 1519 1864; x_wconf 84' lang='lat' dir='ltr'><strong>sunt</strong></span> 
     </span>
     <span class='ocr_line' id='line_1_14' title="bbox 210 1895 1556 1982; baseline 0.006 -23"><span class='ocrx_word' id='word_1_137' title='bbox 210 1895 270 1961; x_wconf 87' lang='lat' dir='ltr'><strong>Sed</strong></span> <span class='ocrx_word' id='word_1_138' title='bbox 294 1898 355 1963; x_wconf 87' lang='lat' dir='ltr'><strong>hoc</strong></span> <span class='ocrx_word' id='word_1_139' title='bbox 375 1897 479 1963; x_wconf 88' lang='lat' dir='ltr'><strong>solnm</strong></span> <span class='ocrx_word' id='word_1_140' title='bbox 506 1899 654 1963; x_wconf 90' lang='lat' dir='ltr'><strong>ultimum</strong></span> <span class='ocrx_word' id='word_1_141' title='bbox 680 1918 779 1982; x_wconf 81' lang='lat' dir='ltr'><strong>genus</strong></span> <span class='ocrx_word' id='word_1_142' title='bbox 804 1899 982 1977; x_wconf 89' lang='lat' dir='ltr'><strong>hominnm,</strong></span> <span class='ocrx_word' id='word_1_143' title='bbox 1014 1903 1049 1963; x_wconf 88' lang='lat' dir='ltr'><strong>ut</strong></span> <span class='ocrx_word' id='word_1_144' title='bbox 1078 1901 1138 1979; x_wconf 88' lang='lat' dir='ltr'><strong>ais,</strong></span> <span class='ocrx_word' id='word_1_145' title='bbox 1168 1901 1255 1982; x_wconf 89' lang='lat' dir='ltr'><strong>quod</strong></span> <span class='ocrx_word' id='word_1_146' title='bbox 1282 1896 1449 1963; x_wconf 85' lang='lat' dir='ltr'><strong>a&#39;l&#39;iberio</strong></span> <span class='ocrx_word' id='word_1_147' title='bbox 1472 1903 1556 1968; x_wconf 80' lang='lat' dir='ltr'><strong>est4</strong></span> 
     </span>
     <span class='ocr_line' id='line_1_15' title="bbox 209 1997 1518 2082; baseline 0 -21"><span class='ocrx_word' id='word_1_148' title='bbox 209 1997 395 2077; x_wconf 82' lang='lat' dir='ltr'><strong>salvabitur3</strong></span> <span class='ocrx_word' id='word_1_149' title='bbox 417 2001 485 2082; x_wconf 88' lang='lat' dir='ltr'><strong>ipse</strong></span> <span class='ocrx_word' id='word_1_150' title='bbox 507 2000 591 2063; x_wconf 92' lang='lat' dir='ltr'><strong>enim</strong></span> <span class='ocrx_word' id='word_1_151' title='bbox 613 2022 662 2063; x_wconf 84' lang='lat' dir='ltr'><strong>eea</strong></span> <span class='ocrx_word' id='word_1_152' title='bbox 680 2003 817 2063; x_wconf 64' lang='lat' dir='ltr'><strong>Obviam</strong></span> <span class='ocrx_word' id='word_1_153' title='bbox 837 2004 871 2064; x_wconf 83' lang='lat' dir='ltr'><strong>de</strong></span> <span class='ocrx_word' id='word_1_154' title='bbox 892 2004 1044 2063; x_wconf 65' lang='lat' dir='ltr'><strong>ombdmto</strong></span> <span class='ocrx_word' id='word_1_155' title='bbox 1060 2004 1131 2079; x_wconf 76' lang='lat' dir='ltr'><strong>leyie</strong></span> <span class='ocrx_word' id='word_1_156' title='bbox 1152 2002 1281 2075; x_wconf 77' lang='lat' dir='ltr'><strong>redemit,</strong></span> <span class='ocrx_word' id='word_1_157' title='bbox 1303 2000 1386 2062; x_wconf 87' lang='lat' dir='ltr'><strong>sicut</strong></span> <span class='ocrx_word' id='word_1_158' title='bbox 1400 1997 1518 2062; x_wconf 88' lang='lat' dir='ltr'><strong>Paulus</strong></span> 
     </span>
     <span class='ocr_line' id='line_1_16' title="bbox 161 2099 1519 2180; baseline 0 -18"><span class='ocrx_word' id='word_1_159' title='bbox 161 2111 192 2164; x_wconf 82' lang='grc'><strong>15</strong></span> <span class='ocrx_word' id='word_1_160' title='bbox 209 2099 427 2162; x_wconf 90' lang='lat' dir='ltr'><strong>testimonium</strong></span> <span class='ocrx_word' id='word_1_161' title='bbox 454 2100 554 2164; x_wconf 87' lang='lat' dir='ltr'><strong>dedit:</strong></span> <span class='ocrx_word' id='word_1_162' title='bbox 586 2103 666 2174; x_wconf 74' lang='lat' dir='ltr'><strong>Quae</strong></span> <span class='ocrx_word' id='word_1_163' title='bbox 687 2103 782 2162; x_wconf 76' lang='lat' dir='ltr'><strong>littera</strong></span> <span class='ocrx_word' id='word_1_164' title='bbox 803 2104 907 2163; x_wconf 80' lang='lat' dir='ltr'><strong>cecidit</strong></span> <span class='ocrx_word' id='word_1_165' title='bbox 926 2122 979 2163; x_wconf 78' lang='lat' dir='ltr'><strong>aee</strong></span> <span class='ocrx_word' id='word_1_166' title='bbox 1001 2121 1180 2180; x_wconf 77' lang='lat' dir='ltr'><strong>quemquam</strong></span> <span class='ocrx_word' id='word_1_167' title='bbox 1208 2102 1339 2178; x_wconf 75' lang='lat' dir='ltr'><strong>m&#39;otfioet</strong></span> <span class='ocrx_word' id='word_1_168' title='bbox 1368 2102 1400 2162; x_wconf 93' lang='lat' dir='ltr'><strong>et</strong></span> <span class='ocrx_word' id='word_1_169' title='bbox 1434 2102 1519 2173; x_wconf 80' lang='lat' dir='ltr'><strong>Quod</strong></span> 
     </span>
     <span class='ocr_line' id='line_1_17' title="bbox 209 2199 1555 2280; baseline 0.001 -20"><span class='ocrx_word' id='word_1_170' title='bbox 209 2200 254 2261; x_wconf 77' lang='lat' dir='ltr'><strong>ter</strong></span> <span class='ocrx_word' id='word_1_171' title='bbox 275 2201 475 2262; x_wconf 73' lang='lat' dir='ltr'><strong>ministerium</strong></span> <span class='ocrx_word' id='word_1_172' title='bbox 504 2205 611 2263; x_wconf 80' lang='lat' dir='ltr'><strong>mortis</strong></span> <span class='ocrx_word' id='word_1_173' title='bbox 640 2209 683 2262; x_wconf 81' lang='lat' dir='ltr'><strong>eat</strong></span> <span class='ocrx_word' id='word_1_174' title='bbox 706 2203 859 2280; x_wconf 78' lang='lat' dir='ltr'><strong>uirtusque</strong></span> <span class='ocrx_word' id='word_1_175' title='bbox 881 2204 1000 2280; x_wconf 77' lang='lat' dir='ltr'><strong>peceati.</strong></span> <span class='ocrx_word' id='word_1_176' title='bbox 1043 2199 1247 2263; x_wconf 77' lang='lat' dir='ltr'><strong>Ascnsnsus</strong></span> <span class='ocrx_word' id='word_1_177' title='bbox 1275 2216 1386 2262; x_wconf 74' lang='lat' dir='ltr'><strong>amr:</strong></span> <span class='ocrx_word' id='word_1_178' title='bbox 1421 2203 1555 2262; x_wconf 66' lang='lat' dir='ltr'><strong>ldreab</strong></span> 
     </span>
     <span class='ocr_line' id='line_1_18' title="bbox 208 2298 1518 2381; baseline 0.002 -22"><span class='ocrx_word' id='word_1_179' title='bbox 208 2301 342 2360; x_wconf 72' lang='lat' dir='ltr'><strong>nesciam</strong></span> <span class='ocrx_word' id='word_1_180' title='bbox 363 2302 526 2379; x_wconf 65' lang='lat' dir='ltr'><strong>ambreras</strong></span> <span class='ocrx_word' id='word_1_181' title='bbox 546 2322 640 2380; x_wconf 76' lang='lat' dir='ltr'><strong>aeque</strong></span> <span class='ocrx_word' id='word_1_182' title='bbox 664 2304 803 2362; x_wconf 70' lang='lat' dir='ltr'><strong>rietatem</strong></span> <span class='ocrx_word' id='word_1_183' title='bbox 829 2303 890 2378; x_wconf 74' lang='lat' dir='ltr'><strong>dei,</strong></span> <span class='ocrx_word' id='word_1_184' title='bbox 914 2298 1009 2363; x_wconf 85' lang='lat' dir='ltr'><strong>multi</strong></span> <span class='ocrx_word' id='word_1_185' title='bbox 1034 2298 1118 2364; x_wconf 90' lang='lat' dir='ltr'><strong>enim</strong></span> <span class='ocrx_word' id='word_1_186' title='bbox 1140 2298 1235 2362; x_wconf 90' lang='lat' dir='ltr'><strong>etiam</strong></span> <span class='ocrx_word' id='word_1_187' title='bbox 1255 2300 1329 2381; x_wconf 91' lang='lat' dir='ltr'><strong>post</strong></span> <span class='ocrx_word' id='word_1_188' title='bbox 1349 2298 1518 2361; x_wconf 83' lang='lat' dir='ltr'><strong>adrentum</strong></span> 
     </span>
     <span class='ocr_line' id='line_1_19' title="bbox 209 2394 1518 2481; baseline 0.002 -22"><span class='ocrx_word' id='word_1_189' title='bbox 209 2394 326 2460; x_wconf 81' lang='lat' dir='ltr'><strong>Christi</strong></span> <span class='ocrx_word' id='word_1_190' title='bbox 347 2418 447 2480; x_wconf 90' lang='lat' dir='ltr'><strong>nsque</strong></span> <span class='ocrx_word' id='word_1_191' title='bbox 469 2419 552 2461; x_wconf 85' lang='lat' dir='ltr'><strong>nunc</strong></span> <span class='ocrx_word' id='word_1_192' title='bbox 567 2400 729 2481; x_wconf 86' lang='lat' dir='ltr'><strong>perierunt</strong></span> <span class='ocrx_word' id='word_1_193' title='bbox 743 2402 775 2463; x_wconf 94' lang='lat' dir='ltr'><strong>et</strong></span> <span class='ocrx_word' id='word_1_194' title='bbox 787 2402 929 2481; x_wconf 88' lang='lat' dir='ltr'><strong>pereunt,</strong></span> <span class='ocrx_word' id='word_1_195' title='bbox 950 2398 973 2462; x_wconf 90' lang='lat' dir='ltr'><strong>ii</strong></span> <span class='ocrx_word' id='word_1_196' title='bbox 997 2397 1126 2478; x_wconf 87' lang='lat' dir='ltr'><strong>scilicet,</strong></span> <span class='ocrx_word' id='word_1_197' title='bbox 1148 2395 1202 2480; x_wconf 88' lang='lat' dir='ltr'><strong>qui</strong></span> <span class='ocrx_word' id='word_1_198' title='bbox 1218 2395 1364 2479; x_wconf 89' lang='lat' dir='ltr'><strong>operibus</strong></span> <span class='ocrx_word' id='word_1_199' title='bbox 1379 2396 1518 2462; x_wconf 89' lang='lat' dir='ltr'><strong>iustitiae</strong></span> 
     </span>
     <span class='ocr_line' id='line_1_20' title="bbox 209 2496 1519 2581; baseline 0.001 -22"><span class='ocrx_word' id='word_1_200' title='bbox 209 2497 365 2561; x_wconf 78' lang='lat' dir='ltr'><strong>deservire</strong></span> <span class='ocrx_word' id='word_1_201' title='bbox 386 2497 568 2575; x_wconf 81' lang='lat' dir='ltr'><strong>noluerunt3</strong></span> <span class='ocrx_word' id='word_1_202' title='bbox 599 2497 647 2562; x_wconf 92' lang='lat' dir='ltr'><strong>illi</strong></span> <span class='ocrx_word' id='word_1_203' title='bbox 676 2520 751 2564; x_wconf 86' lang='lat' dir='ltr'><strong>vero</strong></span> <span class='ocrx_word' id='word_1_204' title='bbox 778 2497 838 2563; x_wconf 90' lang='lat' dir='ltr'><strong>soli</strong></span> <span class='ocrx_word' id='word_1_205' title='bbox 868 2499 924 2581; x_wconf 90' lang='lat' dir='ltr'><strong>qui</strong></span> <span class='ocrx_word' id='word_1_206' title='bbox 945 2501 1151 2580; x_wconf 88' lang='lat' dir='ltr'><strong>susceperunt</strong></span> <span class='ocrx_word' id='word_1_207' title='bbox 1181 2517 1251 2560; x_wconf 87' lang='lat' dir='ltr'><strong>enm</strong></span> <span class='ocrx_word' id='word_1_208' title='bbox 1283 2499 1314 2560; x_wconf 91' lang='lat' dir='ltr'><strong>et</strong></span> <span class='ocrx_word' id='word_1_209' title='bbox 1343 2496 1519 2579; x_wconf 87' lang='lat' dir='ltr'><strong>suscipiunt</strong></span> 
     </span>
     <span class='ocr_line' id='line_1_21' title="bbox 158 2597 1517 2680; baseline -0.004 -14"><span class='ocrx_word' id='word_1_210' title='bbox 158 2606 376 2677; x_wconf 68' lang='lat' dir='ltr'><strong>repriorarem</strong></span> <span class='ocrx_word' id='word_1_211' title='bbox 402 2608 574 2679; x_wconf 64' lang='lat' dir='ltr'><strong>mmmm</strong></span> <span class='ocrx_word' id='word_1_212' title='bbox 593 2602 654 2679; x_wconf 79' lang='lat' dir='ltr'><strong>filii</strong></span> <span class='ocrx_word' id='word_1_213' title='bbox 673 2603 721 2663; x_wconf 78' lang='lat' dir='ltr'><strong>dei</strong></span> <span class='ocrx_word' id='word_1_214' title='bbox 740 2603 816 2679; x_wconf 72' lang='lat' dir='ltr'><strong>fieri.</strong></span> <span class='ocrx_word' id='word_1_215' title='bbox 859 2597 933 2663; x_wconf 90' lang='lat' dir='ltr'><strong>Non</strong></span> <span class='ocrx_word' id='word_1_216' title='bbox 961 2598 1044 2661; x_wconf 91' lang='lat' dir='ltr'><strong>enim</strong></span> <span class='ocrx_word' id='word_1_217' title='bbox 1071 2618 1179 2662; x_wconf 92' lang='lat' dir='ltr'><strong>omnes</strong></span> <span class='ocrx_word' id='word_1_218' title='bbox 1210 2597 1301 2674; x_wconf 84' lang='lat' dir='ltr'><strong>dixit,</strong></span> <span class='ocrx_word' id='word_1_219' title='bbox 1331 2600 1387 2662; x_wconf 89' lang='lat' dir='ltr'><strong>sed</strong></span> <span class='ocrx_word' id='word_1_220' title='bbox 1415 2618 1517 2680; x_wconf 86' lang='lat' dir='ltr'><strong>neque</strong></span> 
     </span>
     <span class='ocr_line' id='line_1_22' title="bbox 207 2696 1554 2781; baseline 0.003 -21"><span class='ocrx_word' id='word_1_221' title='bbox 207 2700 334 2780; x_wconf 87' lang='lat' dir='ltr'><strong>tempus</strong></span> <span class='ocrx_word' id='word_1_222' title='bbox 348 2698 538 2778; x_wconf 81' lang='lat' dir='ltr'><strong>terminavit,</strong></span> <span class='ocrx_word' id='word_1_223' title='bbox 559 2703 734 2779; x_wconf 78' lang='lat' dir='ltr'><strong>quicumque</strong></span> <span class='ocrx_word' id='word_1_224' title='bbox 757 2702 846 2779; x_wconf 84' lang='lat' dir='ltr'><strong>enim,</strong></span> <span class='ocrx_word' id='word_1_225' title='bbox 867 2698 982 2781; x_wconf 89' lang='lat' dir='ltr'><strong>inquit,</strong></span> <span class='ocrx_word' id='word_1_226' title='bbox 1002 2707 1171 2778; x_wconf 76' lang='lat' dir='ltr'><strong>acceperam</strong></span> <span class='ocrx_word' id='word_1_227' title='bbox 1184 2720 1260 2760; x_wconf 82' lang='lat' dir='ltr'><strong>eom.</strong></span> <span class='ocrx_word' id='word_1_228' title='bbox 1290 2696 1391 2762; x_wconf 80' lang='lat' dir='ltr'><strong>Adest</strong></span> <span class='ocrx_word' id='word_1_229' title='bbox 1413 2702 1554 2764; x_wconf 63' lang='lat' dir='ltr'><strong>autema</strong></span> 
     </span>
     <span class='ocr_line' id='line_1_23' title="bbox 207 2795 1516 2880; baseline 0.001 -21"><span class='ocrx_word' id='word_1_230' title='bbox 207 2817 331 2879; x_wconf 89' lang='lat' dir='ltr'><strong>semper</strong></span> <span class='ocrx_word' id='word_1_231' title='bbox 353 2798 445 2862; x_wconf 89' lang='lat' dir='ltr'><strong>iustis</strong></span> <span class='ocrx_word' id='word_1_232' title='bbox 466 2797 542 2861; x_wconf 82' lang='lat' dir='ltr'><strong>viris</strong></span> <span class='ocrx_word' id='word_1_233' title='bbox 564 2821 582 2861; x_wconf 90' lang='lat' dir='ltr'><strong>a</strong></span> <span class='ocrx_word' id='word_1_234' title='bbox 609 2803 751 2862; x_wconf 87' lang='lat' dir='ltr'><strong>creatura</strong></span> <span class='ocrx_word' id='word_1_235' title='bbox 780 2799 892 2862; x_wconf 91' lang='lat' dir='ltr'><strong>mundi</strong></span> <span class='ocrx_word' id='word_1_236' title='bbox 920 2818 979 2862; x_wconf 88' lang='lat' dir='ltr'><strong>nec</strong></span> <span class='ocrx_word' id='word_1_237' title='bbox 1009 2800 1111 2860; x_wconf 88' lang='lat' dir='ltr'><strong>cessat</strong></span> <span class='ocrx_word' id='word_1_238' title='bbox 1142 2796 1300 2879; x_wconf 89' lang='lat' dir='ltr'><strong>inquirere</strong></span> <span class='ocrx_word' id='word_1_239' title='bbox 1330 2795 1516 2880; x_wconf 80' lang='lat' dir='ltr'><strong>sanguinem</strong></span> 
     </span>
    </p>
   </div>
   <div class='ocr_carea' id='block_1_3' title="bbox 156 2893 1549 3578">
    <p class='ocr_par' dir='ltr' id='par_1_4' title="bbox 156 2893 1549 3578">
     <span class='ocr_line' id='line_1_24' title="bbox 205 2893 1517 2981; baseline 0.002 -25"><span class='ocrx_word' id='word_1_240' title='bbox 205 2893 347 2978; x_wconf 89' lang='lat' dir='ltr'><strong>ipsorum</strong></span> <span class='ocrx_word' id='word_1_241' title='bbox 369 2919 408 2961; x_wconf 84' lang='lat' dir='ltr'><strong>ex</strong></span> <span class='ocrx_word' id='word_1_242' title='bbox 434 2898 587 2981; x_wconf 79' lang='lat' dir='ltr'><strong>sanguine</strong></span> <span class='ocrx_word' id='word_1_243' title='bbox 609 2897 691 2963; x_wconf 84' lang='lat' dir='ltr'><strong>Abel</strong></span> <span class='ocrx_word' id='word_1_244' title='bbox 718 2897 794 2962; x_wconf 92' lang='lat' dir='ltr'><strong>iusti</strong></span> <span class='ocrx_word' id='word_1_245' title='bbox 814 2919 915 2981; x_wconf 89' lang='lat' dir='ltr'><strong>usque</strong></span> <span class='ocrx_word' id='word_1_246' title='bbox 937 2899 977 2961; x_wconf 90' lang='lat' dir='ltr'><strong>ad</strong></span> <span class='ocrx_word' id='word_1_247' title='bbox 999 2895 1185 2980; x_wconf 81' lang='lat' dir='ltr'><strong>sanguinem</strong></span> <span class='ocrx_word' id='word_1_248' title='bbox 1206 2894 1381 2960; x_wconf 81' lang='lat' dir='ltr'><strong>Zachariae.</strong></span> <span class='ocrx_word' id='word_1_249' title='bbox 1424 2894 1517 2960; x_wconf 89' lang='lat' dir='ltr'><strong>Unde</strong></span> 
     </span>
     <span class='ocr_line' id='line_1_25' title="bbox 206 2995 1516 3081; baseline -0.001 -21"><span class='ocrx_word' id='word_1_250' title='bbox 206 3014 283 3079; x_wconf 80' lang='lat' dir='ltr'><strong>ergo</strong></span> <span class='ocrx_word' id='word_1_251' title='bbox 304 2995 388 3060; x_wconf 82' lang='lat' dir='ltr'><strong>Abel</strong></span> <span class='ocrx_word' id='word_1_252' title='bbox 408 2995 510 3061; x_wconf 87' lang='lat' dir='ltr'><strong>iustus</strong></span> <span class='ocrx_word' id='word_1_253' title='bbox 534 3001 565 3061; x_wconf 90' lang='lat' dir='ltr'><strong>et</strong></span> <span class='ocrx_word' id='word_1_254' title='bbox 584 2996 633 3062; x_wconf 91' lang='lat' dir='ltr'><strong>illi</strong></span> <span class='ocrx_word' id='word_1_255' title='bbox 655 3019 763 3062; x_wconf 89' lang='lat' dir='ltr'><strong>omnes</strong></span> <span class='ocrx_word' id='word_1_256' title='bbox 785 2996 900 3081; x_wconf 90' lang='lat' dir='ltr'><strong>reliqui</strong></span> <span class='ocrx_word' id='word_1_257' title='bbox 920 3019 978 3081; x_wconf 88' lang='lat' dir='ltr'><strong>per</strong></span> <span class='ocrx_word' id='word_1_258' title='bbox 998 2996 1142 3061; x_wconf 90' lang='lat' dir='ltr'><strong>ordinem</strong></span> <span class='ocrx_word' id='word_1_259' title='bbox 1164 2995 1247 3060; x_wconf 87' lang='lat' dir='ltr'><strong>inter</strong></span> <span class='ocrx_word' id='word_1_260' title='bbox 1266 2995 1368 3059; x_wconf 89' lang='lat' dir='ltr'><strong>iustos</strong></span> <span class='ocrx_word' id='word_1_261' title='bbox 1390 3016 1516 3059; x_wconf 89' lang='lat' dir='ltr'><strong>enume-</strong></span> 
     </span>
     <span class='ocr_line' id='line_1_26' title="bbox 156 3093 1518 3180; baseline -0.002 -19"><span class='ocrx_word' id='word_1_262' title='bbox 156 3108 188 3164; x_wconf 80' lang='lat'><strong>25</strong></span> <span class='ocrx_word' id='word_1_263' title='bbox 205 3100 327 3171; x_wconf 86' lang='lat' dir='ltr'><strong>rantur,</strong></span> <span class='ocrx_word' id='word_1_264' title='bbox 351 3117 422 3161; x_wconf 88' lang='lat' dir='ltr'><strong>oum</strong></span> <span class='ocrx_word' id='word_1_265' title='bbox 439 3096 490 3161; x_wconf 86' lang='lat' dir='ltr'><strong>lex</strong></span> <span class='ocrx_word' id='word_1_266' title='bbox 512 3117 577 3160; x_wconf 90' lang='lat' dir='ltr'><strong>non</strong></span> <span class='ocrx_word' id='word_1_267' title='bbox 598 3101 680 3161; x_wconf 85' lang='lat' dir='ltr'><strong>esset</strong></span> <span class='ocrx_word' id='word_1_268' title='bbox 700 3098 813 3180; x_wconf 80' lang='lat' dir='ltr'><strong>Moysi,</strong></span> <span class='ocrx_word' id='word_1_269' title='bbox 835 3118 907 3161; x_wconf 89' lang='lat' dir='ltr'><strong>eum</strong></span> <span class='ocrx_word' id='word_1_270' title='bbox 930 3097 1101 3180; x_wconf 87' lang='lat' dir='ltr'><strong>prophetae</strong></span> <span class='ocrx_word' id='word_1_271' title='bbox 1123 3093 1227 3160; x_wconf 87' lang='lat' dir='ltr'><strong>oborti</strong></span> <span class='ocrx_word' id='word_1_272' title='bbox 1247 3116 1311 3159; x_wconf 90' lang='lat' dir='ltr'><strong>non</strong></span> <span class='ocrx_word' id='word_1_273' title='bbox 1334 3100 1438 3160; x_wconf 89' lang='lat' dir='ltr'><strong>essent</strong></span> <span class='ocrx_word' id='word_1_274' title='bbox 1459 3114 1518 3158; x_wconf 89' lang='lat' dir='ltr'><strong>nec</strong></span> 
     </span>
     <span class='ocr_line' id='line_1_27' title="bbox 204 3193 1549 3281; baseline 0 -22"><span class='ocrx_word' id='word_1_275' title='bbox 204 3196 389 3279; x_wconf 85' lang='lat' dir='ltr'><strong>prophetiae</strong></span> <span class='ocrx_word' id='word_1_276' title='bbox 410 3219 525 3261; x_wconf 89' lang='lat' dir='ltr'><strong>munus</strong></span> <span class='ocrx_word' id='word_1_277' title='bbox 546 3197 739 3281; x_wconf 79' lang='lat' dir='ltr'><strong>inplessent?</strong></span> <span class='ocrx_word' id='word_1_278' title='bbox 761 3196 877 3263; x_wconf 90' lang='lat' dir='ltr'><strong>Nonne</strong></span> <span class='ocrx_word' id='word_1_279' title='bbox 898 3195 974 3261; x_wconf 87' lang='lat' dir='ltr'><strong>iusti</strong></span> <span class='ocrx_word' id='word_1_280' title='bbox 989 3194 1093 3260; x_wconf 87' lang='lat' dir='ltr'><strong>effecti</strong></span> <span class='ocrx_word' id='word_1_281' title='bbox 1115 3199 1189 3259; x_wconf 90' lang='lat' dir='ltr'><strong>sunt</strong></span> <span class='ocrx_word' id='word_1_282' title='bbox 1203 3218 1241 3259; x_wconf 82' lang='lat' dir='ltr'><strong>ex</strong></span> <span class='ocrx_word' id='word_1_283' title='bbox 1256 3217 1292 3260; x_wconf 90' lang='lat' dir='ltr'><strong>eo</strong></span> <span class='ocrx_word' id='word_1_284' title='bbox 1309 3197 1393 3277; x_wconf 89' lang='lat' dir='ltr'><strong>quod</strong></span> <span class='ocrx_word' id='word_1_285' title='bbox 1412 3193 1515 3275; x_wconf 83' lang='lat' dir='ltr'><strong>legem</strong></span> <span class='ocrx_word' id='word_1_286' title='bbox 1535 3205 1549 3259; x_wconf 78' lang='grc'><strong>1</strong></span> 
     </span>
     <span class='ocr_line' id='line_1_28' title="bbox 203 3295 1516 3379; baseline -0.002 -21"><span class='ocrx_word' id='word_1_287' title='bbox 203 3295 382 3378; x_wconf 89' lang='lat' dir='ltr'><strong>inplebant,</strong></span> <span class='ocrx_word' id='word_1_288' title='bbox 412 3303 569 3362; x_wconf 67' lang='lat' dir='ltr'><strong>osdndens</strong></span> <span class='ocrx_word' id='word_1_289' title='bbox 597 3302 803 3379; x_wconf 76' lang='lat' dir='ltr'><strong>renesquisqee</strong></span> <span class='ocrx_word' id='word_1_290' title='bbox 828 3320 931 3361; x_wconf 83' lang='lat' dir='ltr'><strong>eoram</strong></span> <span class='ocrx_word' id='word_1_291' title='bbox 956 3317 1033 3376; x_wconf 75' lang='lat' dir='ltr'><strong>opas</strong></span> <span class='ocrx_word' id='word_1_292' title='bbox 1062 3299 1133 3374; x_wconf 67' lang='lat' dir='ltr'><strong>laets</strong></span> <span class='ocrx_word' id='word_1_293' title='bbox 1154 3299 1300 3375; x_wconf 72' lang='lat' dir='ltr'><strong>scriptam</strong></span> <span class='ocrx_word' id='word_1_294' title='bbox 1325 3299 1359 3357; x_wconf 80' lang='lat' dir='ltr'><strong>ia</strong></span> <span class='ocrx_word' id='word_1_295' title='bbox 1379 3297 1516 3357; x_wconf 80' lang='lat' dir='ltr'><strong>cordibae</strong></span> 
     </span>
     <span class='ocr_line' id='line_1_29' title="bbox 204 3392 1515 3475; baseline -0.002 -17"><span class='ocrx_word' id='word_1_296' title='bbox 204 3399 280 3475; x_wconf 78' lang='lat' dir='ltr'><strong>auis,</strong></span> <span class='ocrx_word' id='word_1_297' title='bbox 303 3401 506 3461; x_wconf 80' lang='lat' dir='ltr'><strong>testimoninm</strong></span> <span class='ocrx_word' id='word_1_298' title='bbox 528 3402 660 3462; x_wconf 82' lang='lat' dir='ltr'><strong>reddente</strong></span> <span class='ocrx_word' id='word_1_299' title='bbox 681 3403 724 3462; x_wconf 81' lang='lat' dir='ltr'><strong>eie</strong></span> <span class='ocrx_word' id='word_1_300' title='bbox 745 3402 924 3461; x_wconf 73' lang='lat' dir='ltr'><strong>emmoimatie</strong></span> <span class='ocrx_word' id='word_1_301' title='bbox 944 3400 1027 3459; x_wconf 75' lang='lat' dir='ltr'><strong>suo?</strong></span> <span class='ocrx_word' id='word_1_302' title='bbox 1049 3392 1127 3458; x_wconf 83' lang='lat' dir='ltr'><strong>Cum</strong></span> <span class='ocrx_word' id='word_1_303' title='bbox 1144 3394 1227 3457; x_wconf 90' lang='lat' dir='ltr'><strong>enim</strong></span> <span class='ocrx_word' id='word_1_304' title='bbox 1249 3393 1321 3475; x_wconf 90' lang='lat' dir='ltr'><strong>quis</strong></span> <span class='ocrx_word' id='word_1_305' title='bbox 1343 3397 1432 3473; x_wconf 73' lang='lat' dir='ltr'><strong>leyem</strong></span> <span class='ocrx_word' id='word_1_306' title='bbox 1452 3413 1515 3455; x_wconf 81' lang='lat' dir='ltr'><strong>noa</strong></span> 
     </span>
     <span class='ocr_line' id='line_1_30' title="bbox 204 3495 1517 3578; baseline -0.006 -17"><span class='ocrx_word' id='word_1_307' title='bbox 204 3499 314 3560; x_wconf 71' lang='lat' dir='ltr'><strong>baberet</strong></span> <span class='ocrx_word' id='word_1_308' title='bbox 334 3502 512 3561; x_wconf 77' lang='lat' dir='ltr'><strong>naturaliter</strong></span> <span class='ocrx_word' id='word_1_309' title='bbox 532 3520 606 3578; x_wconf 77' lang='lat' dir='ltr'><strong>quae</strong></span> <span class='ocrx_word' id='word_1_310' title='bbox 629 3502 699 3578; x_wconf 62' lang='lat' dir='ltr'><strong>leuis</strong></span> <span class='ocrx_word' id='word_1_311' title='bbox 720 3508 793 3562; x_wconf 78' lang='lat' dir='ltr'><strong>aaut</strong></span> <span class='ocrx_word' id='word_1_312' title='bbox 812 3502 896 3577; x_wconf 77' lang='lat' dir='ltr'><strong>sarit,</strong></span> <span class='ocrx_word' id='word_1_313' title='bbox 918 3500 966 3558; x_wconf 82' lang='lat' dir='ltr'><strong>bio</strong></span> <span class='ocrx_word' id='word_1_314' title='bbox 987 3499 1077 3574; x_wconf 66' lang='lat' dir='ltr'><strong>beera</strong></span> <span class='ocrx_word' id='word_1_315' title='bbox 1097 3516 1161 3556; x_wconf 76' lang='lat' dir='ltr'><strong>noe</strong></span> <span class='ocrx_word' id='word_1_316' title='bbox 1182 3497 1291 3556; x_wconf 80' lang='lat' dir='ltr'><strong>habeus</strong></span> <span class='ocrx_word' id='word_1_317' title='bbox 1312 3496 1375 3572; x_wconf 82' lang='lat' dir='ltr'><strong>ipse</strong></span> <span class='ocrx_word' id='word_1_318' title='bbox 1395 3495 1455 3554; x_wconf 81' lang='lat' dir='ltr'><strong>sibi</strong></span> <span class='ocrx_word' id='word_1_319' title='bbox 1474 3502 1517 3554; x_wconf 80' lang='lat' dir='ltr'><strong>est</strong></span> 
     </span>
    </p>
   </div>
   <div class='ocr_carea' id='block_1_4' title="bbox 205 3639 1515 3799">
    <p class='ocr_par' dir='ltr' id='par_1_5' title="bbox 205 3639 1515 3799">
     <span class='ocr_line' id='line_1_31' title="bbox 292 3639 1515 3714; baseline -0.007 -13"><span class='ocrx_word' id='word_1_320' title='bbox 292 3647 331 3701; x_wconf 83' lang='lat'><strong>14</strong></span> <span class='ocrx_word' id='word_1_321' title='bbox 350 3646 411 3700; x_wconf 86' lang='lat' dir='ltr'><strong>Gal.</strong></span> <span class='ocrx_word' id='word_1_322' title='bbox 429 3647 454 3707; x_wconf 84' lang='lat'><strong>3,</strong></span> <span class='ocrx_word' id='word_1_323' title='bbox 473 3647 505 3701; x_wconf 85' lang='lat'><strong>13</strong></span> <span class='ocrx_word' id='word_1_324' title='bbox 523 3676 556 3685; x_wconf 93' lang='lat'>—</span> <span class='ocrx_word' id='word_1_325' title='bbox 578 3646 666 3702; x_wconf 67' lang='lat' dir='ltr'><strong>lello</strong></span> <span class='ocrx_word' id='word_1_326' title='bbox 684 3647 710 3699; x_wconf 90' lang='grc' dir='ltr'><strong>ΙΙ</strong></span> <span class='ocrx_word' id='word_1_327' title='bbox 729 3647 794 3701; x_wconf 86' lang='lat' dir='ltr'><strong>Kor.</strong></span> <span class='ocrx_word' id='word_1_328' title='bbox 811 3647 836 3714; x_wconf 81' lang='lat'><strong>3,</strong></span> <span class='ocrx_word' id='word_1_329' title='bbox 854 3647 904 3701; x_wconf 82' lang='lat'><strong>6.7</strong></span> <span class='ocrx_word' id='word_1_330' title='bbox 922 3676 954 3683; x_wconf 96' lang='lat'>—</span> <span class='ocrx_word' id='word_1_331' title='bbox 975 3643 1013 3699; x_wconf 81' lang='lat' dir='ltr'><strong>lo</strong></span> <span class='ocrx_word' id='word_1_332' title='bbox 1030 3644 1042 3697; x_wconf 92' lang='lat' dir='ltr'>I</span> <span class='ocrx_word' id='word_1_333' title='bbox 1059 3641 1124 3696; x_wconf 85' lang='lat' dir='ltr'><strong>Xer.</strong></span> <span class='ocrx_word' id='word_1_334' title='bbox 1144 3644 1183 3707; x_wconf 86' lang='grc'><strong>15,</strong></span> <span class='ocrx_word' id='word_1_335' title='bbox 1202 3643 1285 3697; x_wconf 86' lang='grc'><strong>56-</strong></span> <span class='ocrx_word' id='word_1_336' title='bbox 1303 3640 1402 3694; x_wconf 86' lang='lat' dir='ltr'><strong>Matth.</strong></span> <span class='ocrx_word' id='word_1_337' title='bbox 1423 3640 1464 3705; x_wconf 78' lang='grc'><strong>22,</strong></span> <span class='ocrx_word' id='word_1_338' title='bbox 1481 3639 1515 3693; x_wconf 87' lang='grc'><strong>29</strong></span> 
     </span>
     <span class='ocr_line' id='line_1_32' title="bbox 205 3725 1515 3799; baseline -0.008 -13"><span class='ocrx_word' id='word_1_339' title='bbox 205 3760 240 3769; x_wconf 87' lang='grc'>-</span> <span class='ocrx_word' id='word_1_340' title='bbox 258 3731 345 3799; x_wconf 86' lang='grc' dir='ltr'><strong>2οΙ21</strong></span> <span class='ocrx_word' id='word_1_341' title='bbox 365 3730 427 3787; x_wconf 90' lang='lat' dir='ltr'><strong>Joh.</strong></span> <span class='ocrx_word' id='word_1_342' title='bbox 446 3734 470 3797; x_wconf 90' lang='lat'><strong>1,</strong></span> <span class='ocrx_word' id='word_1_343' title='bbox 489 3733 521 3786; x_wconf 83' lang='lat'><strong>12</strong></span> <span class='ocrx_word' id='word_1_344' title='bbox 538 3760 572 3770; x_wconf 92' lang='lat'><em>-</em></span> <span class='ocrx_word' id='word_1_345' title='bbox 591 3731 630 3786; x_wconf 81' lang='grc'><strong>28</strong></span> <span class='ocrx_word' id='word_1_346' title='bbox 648 3732 698 3799; x_wconf 71' lang='lat' dir='ltr'><strong>aql.</strong></span> <span class='ocrx_word' id='word_1_347' title='bbox 716 3730 914 3797; x_wconf 59' lang='lat' dir='ltr'><strong>Matinates</strong></span> <span class='ocrx_word' id='word_1_348' title='bbox 936 3760 969 3767; x_wconf 99' lang='lat'>—</span> <span class='ocrx_word' id='word_1_349' title='bbox 988 3730 1025 3783; x_wconf 76' lang='grc'><strong>27</strong></span> <span class='ocrx_word' id='word_1_350' title='bbox 1046 3725 1123 3781; x_wconf 78' lang='lat' dir='ltr'><strong>Rom.</strong></span> <span class='ocrx_word' id='word_1_351' title='bbox 1142 3728 1166 3794; x_wconf 85' lang='lat'><strong>2,</strong></span> <span class='ocrx_word' id='word_1_352' title='bbox 1186 3728 1269 3782; x_wconf 90' lang='grc'><strong>15-</strong></span> <span class='ocrx_word' id='word_1_353' title='bbox 1287 3725 1325 3782; x_wconf 84' lang='grc'><strong>28</strong></span> <span class='ocrx_word' id='word_1_354' title='bbox 1344 3726 1422 3779; x_wconf 82' lang='lat' dir='ltr'><strong>Rom.</strong></span> <span class='ocrx_word' id='word_1_355' title='bbox 1440 3725 1464 3791; x_wconf 83' lang='grc'><strong>2,</strong></span> <span class='ocrx_word' id='word_1_356' title='bbox 1483 3726 1515 3777; x_wconf 90' lang='grc'><strong>14</strong></span> 
     </span>
    </p>
   </div>
   <div class='ocr_carea' id='block_1_5' title="bbox 292 3850 347 3904">
    <p class='ocr_par' dir='ltr' id='par_1_6' title="bbox 292 3850 347 3904">
     <span class='ocr_line' id='line_1_33' title="bbox 292 3850 347 3904; baseline -0.018 0"><span class='ocrx_word' id='word_1_357' title='bbox 292 3850 347 3904; x_wconf 91' lang='grc' dir='ltr'><strong>ΟΜ</strong></span> 
     </span>
    </p>
   </div>
   <div class='ocr_carea' id='block_1_6' title="bbox 203 3960 1518 4804">
    <p class='ocr_par' dir='ltr' id='par_1_7' title="bbox 203 3960 1518 4804">
     <span class='ocr_line' id='line_1_34' title="bbox 290 3960 1518 4036; baseline -0.011 -11"><span class='ocrx_word' id='word_1_358' title='bbox 290 3969 421 4025; x_wconf 87' lang='lat' dir='ltr'><strong>lmanes</strong></span> <span class='ocrx_word' id='word_1_359' title='bbox 438 3968 511 4024; x_wconf 81' lang='lat' dir='ltr'><strong>dixit</strong></span> <span class='ocrx_word' id='word_1_360' title='bbox 528 3986 553 4022; x_wconf 90' lang='grc' dir='ltr'><strong>α.</strong></span> <span class='ocrx_word' id='word_1_361' title='bbox 571 3969 638 4022; x_wconf 81' lang='lat' dir='ltr'><strong>Rus.</strong></span> <span class='ocrx_word' id='word_1_362' title='bbox 656 3967 690 4021; x_wconf 87' lang='lat' dir='ltr'><em>M</em></span> <span class='ocrx_word' id='word_1_363' title='bbox 695 3972 704 4007; x_wconf 82' lang='lat'>¹</span> <span class='ocrx_word' id='word_1_364' title='bbox 736 3970 740 4036; x_wconf 93' lang='grc' dir='ltr'>Ι</span> <span class='ocrx_word' id='word_1_365' title='bbox 773 3965 889 4035; x_wconf 88' lang='lat' dir='ltr'><strong>tuomet]</strong></span> <span class='ocrx_word' id='word_1_366' title='bbox 907 3969 985 4020; x_wconf 87' lang='lat' dir='ltr'><strong>tuum</strong></span> <span class='ocrx_word' id='word_1_367' title='bbox 1004 3964 1076 4019; x_wconf 80' lang='lat' dir='ltr'><strong>etc</strong></span> <span class='ocrx_word' id='word_1_368' title='bbox 1106 3965 1111 4030; x_wconf 98' lang='grc' dir='ltr'>Ι</span> <span class='ocrx_word' id='word_1_369' title='bbox 1146 3965 1163 4019; x_wconf 86' lang='grc'><strong>2</strong></span> <span class='ocrx_word' id='word_1_370' title='bbox 1188 3964 1341 4030; x_wconf 81' lang='lat' dir='ltr'><strong>adversum]</strong></span> <span class='ocrx_word' id='word_1_371' title='bbox 1365 3960 1518 4015; x_wconf 85' lang='lat' dir='ltr'><strong>uersumO</strong></span> 
     </span>
     <span class='ocr_line' id='line_1_35' title="bbox 204 4043 1513 4123; baseline -0.009 -15"><span class='ocrx_word' id='word_1_372' title='bbox 204 4053 208 4118; x_wconf 97' lang='grc' dir='ltr'>Ι</span> <span class='ocrx_word' id='word_1_373' title='bbox 239 4054 360 4123; x_wconf 82' lang='lat' dir='ltr'><strong>ignoras]</strong></span> <span class='ocrx_word' id='word_1_374' title='bbox 378 4054 509 4121; x_wconf 64' lang='lat' dir='ltr'><strong>hodoni,</strong></span> <span class='ocrx_word' id='word_1_375' title='bbox 528 4054 658 4123; x_wconf 82' lang='lat' dir='ltr'><strong>ignorans</strong></span> <span class='ocrx_word' id='word_1_376' title='bbox 680 4052 736 4108; x_wconf 99' lang='grc' dir='ltr'><strong>ΟΜ</strong></span> <span class='ocrx_word' id='word_1_377' title='bbox 763 4055 768 4119; x_wconf 94' lang='grc' dir='ltr'>Ι</span> <span class='ocrx_word' id='word_1_378' title='bbox 799 4052 840 4121; x_wconf 89' lang='lat' dir='ltr'><strong>in]</strong></span> <span class='ocrx_word' id='word_1_379' title='bbox 857 4051 981 4118; x_wconf 61' lang='lat' dir='ltr'><strong>beroem</strong></span> <span class='ocrx_word' id='word_1_380' title='bbox 1012 4051 1016 4116; x_wconf 96' lang='grc' dir='ltr'>Ι</span> <span class='ocrx_word' id='word_1_381' title='bbox 1049 4049 1153 4119; x_wconf 72' lang='lat' dir='ltr'><strong>dipsa]</strong></span> <span class='ocrx_word' id='word_1_382' title='bbox 1172 4049 1244 4102; x_wconf 87' lang='lat' dir='ltr'><strong>seO</strong></span> <span class='ocrx_word' id='word_1_383' title='bbox 1274 4050 1278 4115; x_wconf 96' lang='grc' dir='ltr'>Ι</span> <span class='ocrx_word' id='word_1_384' title='bbox 1312 4046 1359 4107; x_wconf 80' lang='grc' dir='ltr'><strong>3Ι4</strong></span> <span class='ocrx_word' id='word_1_385' title='bbox 1383 4043 1456 4098; x_wconf 86' lang='lat' dir='ltr'><strong>istud</strong></span> <span class='ocrx_word' id='word_1_386' title='bbox 1478 4086 1484 4097; x_wconf 87' lang='lat'><strong>.</strong></span> <span class='ocrx_word' id='word_1_387' title='bbox 1507 4086 1513 4097; x_wconf 91' lang='lat'><strong>.</strong></span> 
     </span>
     <span class='ocr_line' id='line_1_36' title="bbox 204 4129 1518 4208; baseline -0.008 -15"><span class='ocrx_word' id='word_1_388' title='bbox 204 4139 356 4207; x_wconf 86' lang='lat' dir='ltr'><strong>e]studias</strong></span> <span class='ocrx_word' id='word_1_389' title='bbox 373 4139 474 4208; x_wconf 77' lang='lat' dir='ltr'><strong>quaC</strong></span> <span class='ocrx_word' id='word_1_390' title='bbox 502 4142 505 4207; x_wconf 95' lang='grc' dir='ltr'>Ι</span> <span class='ocrx_word' id='word_1_391' title='bbox 538 4137 684 4207; x_wconf 71' lang='lat' dir='ltr'><strong>ltyberio</strong></span> <span class='ocrx_word' id='word_1_392' title='bbox 707 4136 786 4205; x_wconf 91' lang='grc' dir='ltr'><strong>ΟΜΙ</strong></span> <span class='ocrx_word' id='word_1_393' title='bbox 817 4136 936 4203; x_wconf 76' lang='grc'><strong>111501</strong></span> <span class='ocrx_word' id='word_1_394' title='bbox 961 4133 1132 4190; x_wconf 82' lang='lat' dir='ltr'><strong>bnoliteO</strong></span> <span class='ocrx_word' id='word_1_395' title='bbox 1160 4134 1164 4201; x_wconf 96' lang='grc' dir='ltr'>Ι</span> <span class='ocrx_word' id='word_1_396' title='bbox 1193 4129 1518 4187; x_wconf 74' lang='lat' dir='ltr'><strong>bmox..esse&lt;C</strong></span> 
     </span>
     <span class='ocr_line' id='line_1_37' title="bbox 203 4214 1514 4295; baseline -0.007 -20"><span class='ocrx_word' id='word_1_397' title='bbox 203 4223 274 4278; x_wconf 71' lang='lat' dir='ltr'><strong>raet</strong></span> <span class='ocrx_word' id='word_1_398' title='bbox 300 4224 454 4295; x_wconf 84' lang='lat' dir='ltr'><strong>accepimns</strong></span> <span class='ocrx_word' id='word_1_399' title='bbox 476 4224 516 4293; x_wconf 90' lang='lat' dir='ltr'><strong>(Z.</strong></span> <span class='ocrx_word' id='word_1_400' title='bbox 535 4224 563 4293; x_wconf 84' lang='lat'><strong>9)</strong></span> <span class='ocrx_word' id='word_1_401' title='bbox 590 4224 621 4276; x_wconf 80' lang='lat' dir='ltr'><strong>in</strong></span> <span class='ocrx_word' id='word_1_402' title='bbox 644 4223 679 4276; x_wconf 92' lang='grc' dir='ltr'><em>Μ</em></span> <span class='ocrx_word' id='word_1_403' title='bbox 698 4221 883 4291; x_wconf 74' lang='lat' dir='ltr'><strong>yesobrieben,</strong></span> <span class='ocrx_word' id='word_1_404' title='bbox 908 4221 973 4274; x_wconf 78' lang='lat' dir='ltr'><strong>aber</strong></span> <span class='ocrx_word' id='word_1_405' title='bbox 997 4217 1084 4271; x_wconf 71' lang='lat' dir='ltr'><strong>decret</strong></span> <span class='ocrx_word' id='word_1_406' title='bbox 1106 4218 1151 4269; x_wconf 76' lang='lat' dir='ltr'><strong>eia</strong></span> <span class='ocrx_word' id='word_1_407' title='bbox 1169 4216 1281 4270; x_wconf 64' lang='lat' dir='ltr'><strong>&#39;aelam</strong></span> <span class='ocrx_word' id='word_1_408' title='bbox 1308 4216 1355 4268; x_wconf 86' lang='lat' dir='ltr'><strong>der</strong></span> <span class='ocrx_word' id='word_1_409' title='bbox 1379 4214 1514 4279; x_wconf 67' lang='lat' dir='ltr'><strong>ricbtioen</strong></span> 
     </span>
     <span class='ocr_line' id='line_1_38' title="bbox 206 4297 1514 4378; baseline -0.01 -15"><span class='ocrx_word' id='word_1_410' title='bbox 206 4309 281 4363; x_wconf 75' lang='lat' dir='ltr'><strong>seete</strong></span> <span class='ocrx_word' id='word_1_411' title='bbox 306 4309 473 4376; x_wconf 73' lang='lat' dir='ltr'><strong>xuqewr&#39;esen</strong></span> <span class='ocrx_word' id='word_1_412' title='bbox 506 4312 510 4377; x_wconf 92' lang='grc' dir='ltr'>Ι</span> <span class='ocrx_word' id='word_1_413' title='bbox 543 4309 641 4378; x_wconf 89' lang='lat' dir='ltr'><strong>multo]</strong></span> <span class='ocrx_word' id='word_1_414' title='bbox 667 4306 817 4375; x_wconf 73' lang='lat' dir='ltr'><strong>dberyesch.</strong></span> <span class='ocrx_word' id='word_1_415' title='bbox 840 4305 876 4361; x_wconf 83' lang='lat'><strong>0¹</strong></span> <span class='ocrx_word' id='word_1_416' title='bbox 910 4310 914 4373; x_wconf 96' lang='grc' dir='ltr'>Ι</span> <span class='ocrx_word' id='word_1_417' title='bbox 948 4305 963 4361; x_wconf 75' lang='lat'><strong>7</strong></span> <span class='ocrx_word' id='word_1_418' title='bbox 988 4303 1031 4357; x_wconf 89' lang='lat' dir='ltr'><strong>illi</strong></span> <span class='ocrx_word' id='word_1_419' title='bbox 1054 4313 1087 4361; x_wconf 95' lang='lat'>&lt;</span> <span class='ocrx_word' id='word_1_420' title='bbox 1110 4302 1143 4354; x_wconf 88' lang='lat' dir='ltr'><em>M</em></span> <span class='ocrx_word' id='word_1_421' title='bbox 1171 4305 1176 4369; x_wconf 96' lang='grc' dir='ltr'>Ι</span> <span class='ocrx_word' id='word_1_422' title='bbox 1209 4300 1244 4355; x_wconf 87' lang='lat' dir='ltr'><strong>ad</strong></span> <span class='ocrx_word' id='word_1_423' title='bbox 1271 4311 1303 4359; x_wconf 93' lang='lat'>&lt;</span> <span class='ocrx_word' id='word_1_424' title='bbox 1326 4300 1349 4353; x_wconf 89' lang='grc' dir='ltr'><em>Ο</em></span> <span class='ocrx_word' id='word_1_425' title='bbox 1376 4300 1381 4364; x_wconf 94' lang='grc' dir='ltr'>Ι</span> <span class='ocrx_word' id='word_1_426' title='bbox 1414 4300 1433 4356; x_wconf 82' lang='lat'>8</span> <span class='ocrx_word' id='word_1_427' title='bbox 1456 4297 1514 4353; x_wconf 91' lang='lat' dir='ltr'><strong>noli</strong></span> 
     </span>
     <span class='ocr_line' id='line_1_39' title="bbox 204 4384 1516 4462; baseline -0.008 -17"><span class='ocrx_word' id='word_1_428' title='bbox 204 4409 253 4447; x_wconf 91' lang='lat' dir='ltr'><strong>nos</strong></span> <span class='ocrx_word' id='word_1_429' title='bbox 271 4394 389 4462; x_wconf 87' lang='lat' dir='ltr'><strong>tradere]</strong></span> <span class='ocrx_word' id='word_1_430' title='bbox 408 4394 466 4448; x_wconf 92' lang='lat' dir='ltr'><strong>noli</strong></span> <span class='ocrx_word' id='word_1_431' title='bbox 484 4397 580 4448; x_wconf 87' lang='lat' dir='ltr'><strong>nostra</strong></span> <span class='ocrx_word' id='word_1_432' title='bbox 597 4393 668 4448; x_wconf 79' lang='lat' dir='ltr'><strong>deo</strong></span> <span class='ocrx_word' id='word_1_433' title='bbox 696 4394 701 4460; x_wconf 90' lang='grc' dir='ltr'>Ι</span> <span class='ocrx_word' id='word_1_434' title='bbox 733 4391 813 4448; x_wconf 81' lang='lat' dir='ltr'><strong>ahii</strong></span> <span class='ocrx_word' id='word_1_435' title='bbox 834 4392 888 4447; x_wconf 91' lang='grc' dir='ltr'><strong>ΟΜ</strong></span> <span class='ocrx_word' id='word_1_436' title='bbox 917 4392 922 4459; x_wconf 97' lang='grc' dir='ltr'>Ι</span> <span class='ocrx_word' id='word_1_437' title='bbox 956 4390 995 4444; x_wconf 84' lang='lat' dir='ltr'><strong>lo</strong></span> <span class='ocrx_word' id='word_1_438' title='bbox 1012 4386 1220 4442; x_wconf 72' lang='lat' dir='ltr'><strong>uidebanturt&#39;</strong></span> <span class='ocrx_word' id='word_1_439' title='bbox 1249 4387 1254 4454; x_wconf 97' lang='grc' dir='ltr'>Ι</span> <span class='ocrx_word' id='word_1_440' title='bbox 1288 4386 1324 4440; x_wconf 88' lang='grc'><strong>11</strong></span> <span class='ocrx_word' id='word_1_441' title='bbox 1344 4384 1516 4438; x_wconf 84' lang='lat' dir='ltr'><strong>euentumO</strong></span> 
     </span>
     <span class='ocr_line' id='line_1_40' title="bbox 204 4466 1514 4548; baseline -0.009 -15"><span class='ocrx_word' id='word_1_442' title='bbox 204 4477 208 4545; x_wconf 95' lang='grc' dir='ltr'>Ι</span> <span class='ocrx_word' id='word_1_443' title='bbox 238 4478 276 4533; x_wconf 78' lang='lat' dir='ltr'><strong>la</strong></span> <span class='ocrx_word' id='word_1_444' title='bbox 303 4481 336 4532; x_wconf 88' lang='lat' dir='ltr'><strong>ut</strong></span> <span class='ocrx_word' id='word_1_445' title='bbox 353 4479 404 4548; x_wconf 81' lang='lat' dir='ltr'><strong>ais]</strong></span> <span class='ocrx_word' id='word_1_446' title='bbox 423 4478 560 4545; x_wconf 65' lang='lat' dir='ltr'><strong>Zacaqna&#39;,</strong></span> <span class='ocrx_word' id='word_1_447' title='bbox 587 4481 618 4531; x_wconf 88' lang='lat' dir='ltr'><strong>ut</strong></span> <span class='ocrx_word' id='word_1_448' title='bbox 640 4495 686 4532; x_wconf 89' lang='lat' dir='ltr'><strong>eas</strong></span> <span class='ocrx_word' id='word_1_449' title='bbox 708 4478 779 4535; x_wconf 76' lang='lat'><strong>0&lt;</strong></span> <span class='ocrx_word' id='word_1_450' title='bbox 798 4476 833 4530; x_wconf 84' lang='lat' dir='ltr'><em>M</em></span> <span class='ocrx_word' id='word_1_451' title='bbox 860 4479 864 4543; x_wconf 96' lang='grc' dir='ltr'>Ι</span> <span class='ocrx_word' id='word_1_452' title='bbox 896 4475 1004 4544; x_wconf 83' lang='lat' dir='ltr'><strong>tyberio</strong></span> <span class='ocrx_word' id='word_1_453' title='bbox 1026 4472 1083 4528; x_wconf 87' lang='grc' dir='ltr'><strong>ΟΜ</strong></span> <span class='ocrx_word' id='word_1_454' title='bbox 1110 4472 1115 4538; x_wconf 98' lang='grc' dir='ltr'>Ι</span> <span class='ocrx_word' id='word_1_455' title='bbox 1148 4471 1187 4526; x_wconf 89' lang='grc'><strong>14</strong></span> <span class='ocrx_word' id='word_1_456' title='bbox 1214 4470 1356 4524; x_wconf 88' lang='lat' dir='ltr'><strong>saluentur</strong></span> <span class='ocrx_word' id='word_1_457' title='bbox 1385 4469 1407 4521; x_wconf 90' lang='grc' dir='ltr'><em>Ο</em></span> <span class='ocrx_word' id='word_1_458' title='bbox 1437 4469 1441 4534; x_wconf 97' lang='grc' dir='ltr'>Ι</span> <span class='ocrx_word' id='word_1_459' title='bbox 1475 4466 1514 4521; x_wconf 79' lang='lat' dir='ltr'><strong>lo</strong></span> 
     </span>
     <span class='ocr_line' id='line_1_41' title="bbox 203 4552 1515 4631; baseline -0.011 -14"><span class='ocrx_word' id='word_1_460' title='bbox 203 4580 296 4617; x_wconf 85' lang='lat' dir='ltr'><strong>errans</strong></span> <span class='ocrx_word' id='word_1_461' title='bbox 319 4564 342 4618; x_wconf 89' lang='grc' dir='ltr'><em>Ο</em></span> <span class='ocrx_word' id='word_1_462' title='bbox 372 4564 376 4631; x_wconf 98' lang='grc' dir='ltr'>Ι</span> <span class='ocrx_word' id='word_1_463' title='bbox 410 4563 448 4620; x_wconf 80' lang='grc'><strong>18</strong></span> <span class='ocrx_word' id='word_1_464' title='bbox 465 4564 506 4617; x_wconf 89' lang='lat' dir='ltr'><strong>hii</strong></span> <span class='ocrx_word' id='word_1_465' title='bbox 528 4562 583 4617; x_wconf 88' lang='grc' dir='ltr'><strong>ΟΜ</strong></span> <span class='ocrx_word' id='word_1_466' title='bbox 606 4564 609 4629; x_wconf 98' lang='grc' dir='ltr'>Ι</span> <span class='ocrx_word' id='word_1_467' title='bbox 638 4562 676 4617; x_wconf 75' lang='grc'><strong>19</strong></span> <span class='ocrx_word' id='word_1_468' title='bbox 694 4562 836 4616; x_wconf 88' lang='lat' dir='ltr'><strong>noluerint</strong></span> <span class='ocrx_word' id='word_1_469' title='bbox 854 4560 887 4613; x_wconf 91' lang='grc' dir='ltr'><em>Μ</em></span> <span class='ocrx_word' id='word_1_470' title='bbox 906 4562 911 4628; x_wconf 91' lang='grc' dir='ltr'>Ι</span> <span class='ocrx_word' id='word_1_471' title='bbox 935 4561 975 4615; x_wconf 85' lang='grc'><strong>20</strong></span> <span class='ocrx_word' id='word_1_472' title='bbox 993 4559 1033 4613; x_wconf 90' lang='lat' dir='ltr'><strong>fili</strong></span> <span class='ocrx_word' id='word_1_473' title='bbox 1056 4560 1078 4612; x_wconf 88' lang='grc' dir='ltr'><em>Ο</em></span> <span class='ocrx_word' id='word_1_474' title='bbox 1104 4559 1107 4623; x_wconf 98' lang='grc' dir='ltr'>Ι</span> <span class='ocrx_word' id='word_1_475' title='bbox 1137 4557 1176 4612; x_wconf 88' lang='grc'><strong>22</strong></span> <span class='ocrx_word' id='word_1_476' title='bbox 1195 4572 1246 4610; x_wconf 89' lang='lat' dir='ltr'><strong>nec</strong></span> <span class='ocrx_word' id='word_1_477' title='bbox 1263 4555 1360 4622; x_wconf 80' lang='lat' dir='ltr'><strong>cessat]</strong></span> <span class='ocrx_word' id='word_1_478' title='bbox 1379 4552 1515 4606; x_wconf 87' lang='lat' dir='ltr'><strong>necessat</strong></span> 
     </span>
     <span class='ocr_line' id='line_1_42' title="bbox 206 4635 1513 4717; baseline -0.012 -14"><span class='ocrx_word' id='word_1_479' title='bbox 206 4649 254 4716; x_wconf 93' lang='grc' dir='ltr'><strong>ΟΙ</strong></span> <span class='ocrx_word' id='word_1_480' title='bbox 278 4650 318 4705; x_wconf 76' lang='grc'><strong>28</strong></span> <span class='ocrx_word' id='word_1_481' title='bbox 337 4649 492 4717; x_wconf 80' lang='lat' dir='ltr'><strong>exanguine</strong></span> <span class='ocrx_word' id='word_1_482' title='bbox 514 4648 537 4703; x_wconf 90' lang='grc' dir='ltr'><em>Ο</em></span> <span class='ocrx_word' id='word_1_483' title='bbox 558 4649 562 4714; x_wconf 98' lang='grc' dir='ltr'>Ι</span> <span class='ocrx_word' id='word_1_484' title='bbox 587 4649 627 4703; x_wconf 86' lang='grc'><strong>24</strong></span> <span class='ocrx_word' id='word_1_485' title='bbox 645 4646 717 4699; x_wconf 80' lang='lat' dir='ltr'><strong>nach</strong></span> <span class='ocrx_word' id='word_1_486' title='bbox 736 4645 860 4700; x_wconf 86' lang='lat' dir='ltr'><strong>ordinem</strong></span> <span class='ocrx_word' id='word_1_487' title='bbox 880 4654 911 4707; x_wconf 69' lang='grc' dir='ltr'><strong>-Ι</strong></span> <span class='ocrx_word' id='word_1_488' title='bbox 930 4643 977 4713; x_wconf 90' lang='lat' dir='ltr'><strong>qui</strong></span> <span class='ocrx_word' id='word_1_489' title='bbox 1000 4643 1022 4695; x_wconf 91' lang='grc' dir='ltr'><em>Ο</em></span> <span class='ocrx_word' id='word_1_490' title='bbox 1042 4645 1047 4711; x_wconf 94' lang='grc' dir='ltr'>Ι</span> <span class='ocrx_word' id='word_1_491' title='bbox 1070 4641 1109 4697; x_wconf 86' lang='grc'><strong>25</strong></span> <span class='ocrx_word' id='word_1_492' title='bbox 1128 4641 1248 4695; x_wconf 85' lang='lat' dir='ltr'><strong>moseO</strong></span> <span class='ocrx_word' id='word_1_493' title='bbox 1277 4643 1281 4709; x_wconf 98' lang='grc' dir='ltr'>Ι</span> <span class='ocrx_word' id='word_1_494' title='bbox 1314 4635 1513 4705; x_wconf 70' lang='lat' dir='ltr'><strong>asscriptum]</strong></span> 
     </span>
     <span class='ocr_line' id='line_1_43' title="bbox 203 4731 668 4804; baseline 0.002 -19"><span class='ocrx_word' id='word_1_495' title='bbox 203 4735 339 4804; x_wconf 85' lang='lat' dir='ltr'><strong>scriptura</strong></span> <span class='ocrx_word' id='word_1_496' title='bbox 360 4733 384 4789; x_wconf 80' lang='lat'><em>0</em></span> <span class='ocrx_word' id='word_1_497' title='bbox 412 4734 417 4802; x_wconf 96' lang='grc' dir='ltr'>Ι</span> <span class='ocrx_word' id='word_1_498' title='bbox 449 4732 489 4788; x_wconf 83' lang='grc'><strong>28</strong></span> <span class='ocrx_word' id='word_1_499' title='bbox 507 4731 623 4787; x_wconf 86' lang='lat' dir='ltr'><strong>reddent</strong></span> <span class='ocrx_word' id='word_1_500' title='bbox 644 4732 668 4786; x_wconf 94' lang='grc' dir='ltr'><em>Ο</em></span> 
     </span>
    </p>
   </div>
   <div class='ocr_carea' id='block_1_7' title="bbox 0 0 1868 5568">
    <p class='ocr_par' dir='ltr' id='par_1_8' title="bbox 0 0 1868 5568">
     <span class='ocr_line' id='line_1_44' title="bbox 0 0 1868 5568; baseline 0 1"><span class='ocrx_word' id='word_1_501' title='bbox 0 0 1868 5568; x_wconf 95' lang='lat' dir='ltr'><strong> </strong></span> 
     </span>
    </p>
   </div>
  </div>
 </body>
</html>
