3768 5566
309 472 327 533 8
864 462 1050 532 Hegemenius

309 623 491 714 ἐπιβάλλω,
515 623 563 709 ὥς
585 629 617 699 ct
638 631 713 696 τῶν
734 631 876 697 πολλῶν
898 620 1142 715 ἀφρονέστεροι
1167 633 1334 698 ποιοῦσιν.
1376 622 1447 698 νάει
1472 624 1494 699 ά
1516 634 1617 717 λέγω,

309 732 431 799 τέκνον
452 726 646 816 τιμιώτατα

309 903 411 977 inicia
433 897 515 964 sicut
536 896 665 981 plurimi
686 896 904 980 insipientium
924 894 1053 961 faciunt
1095 895 1249 981 Intellege
1276 919 1356 981 quae
1379 898 1462 979 dico,
1493 899 1540 964 fili
1561 901 1618 966 he·

309 996 469 1064 norabilis

156 1310 160 1317 .
275 1238 291 1290 ο
393 1229 448 1295 VI.
463 1228 533 1295 Hac
548 1229 683 1313 epistula
696 1229 786 1309 lecta,
801 1229 943 1295 baiulum
957 1230 1133 1295 litterarum
1149 1228 1318 1294 Marcellus
1333 1230 1618 1315 obsequentissime

209 1331 214 1346 '
310 1329 439 1395 fovebat
461 1330 612 1413 bospiti03
644 1329 817 1394 Archelaus
848 1351 920 1395 vero
947 1352 984 1394 ea
1012 1349 1093 1412 quae
1114 1328 1197 1394 lecta
1218 1334 1292 1395 sunt
1312 1353 1377 1396 non
1396 1329 1532 1397 libenter
1553 1355 1617 1397 am·

309 1428 421 1512 plexus
454 1428 543 1494 velut
572 1429 622 1496 leo
653 1429 820 1496 conclusus
855 1430 1001 1494 dentibus
1030 1429 1243 1510 infrendebat,
1273 1434 1434 1496 auctorem
1464 1430 1619 1514 epistulae

310 1529 371 1593 sibi
393 1529 573 1595 desiderans
590 1532 670 1608 dari3
692 1551 785 1614 quem
801 1527 971 1594 Marcellus
985 1530 1139 1593 suadebat
1153 1529 1323 1612 quiescere,
1344 1533 1444 1595 semet
1464 1529 1619 1613 pollicens

309 1633 551 1711 procuraturum
571 1630 781 1713 praesentiam
802 1628 871 1693 viri.
913 1628 1096 1693 Rescribere
1118 1647 1194 1712 ergo
1216 1628 1385 1695 Marcellus
1406 1631 1447 1693 ad
1468 1652 1513 1707 ea,
1538 1651 1620 1714 quae

260 1732 294 1787 10
311 1728 428 1811 scripta
449 1733 529 1803 sunt,
552 1729 664 1795 statuit
685 1728 853 1812 epistulam
875 1727 1089 1793 continentem
1110 1729 1195 1793 haec.

394 1909 440 1976 VI
463 1910 557 1993 (Vll).
594 1903 801 1994 Μάρκελλος,
825 1902 911 1995 ἀνὴρ
933 1910 1104 1995 ἐπίσημος,
1126 1912 1304 1994 Μανιχαὶφ
1320 1911 1370 1994 τῷ
1391 1903 1444 1975 διὰ
1466 1911 1528 1994 της
1551 1911 1621 1976 ἐπι-

312 2011 436 2095 στολῆς
458 2011 672 2097 δηλουμένῳ,
703 2013 839 2096 χαίρειν.
882 2005 947 2096 τὴν
967 2012 1029 2095 μὲν
1049 2002 1117 2077 ὑπὸ
1136 2011 1201 2077 σοῦ
1222 2024 1407 2093 γραφεῖσαν
1436 2004 1622 2095 ἐπιστολὴν

311 2102 549 2196 προσηκάμην,
585 2104 649 2178 τὸν
684 2113 720 2178 δὲ
758 2105 918 2194 Ίῑάρβωνα
953 2101 1204 2194 προσεδεξάμην
1238 2101 1326 2176 κατὰ
1362 2103 1623 2193 φιλοφροσύνην

312 2203 404 2295 ἐμήν,
427 2213 501 2277 τῶν
523 2211 558 2276 δὲ
581 2203 787 2295 γραμμάτων
808 2204 872 2277 τὸν
894 2211 978 2281 νοῦν
999 2200 1157 2293 οὐδαμῶς
1182 2204 1305 2293 ἔγνων,
1332 2209 1362 2274 εἰ
1386 2202 1431 2292 μὴ
1453 2203 1493 2274 σύ
1515 2231 1620 2292 παρα-

261 2322 294 2375 15
312 2301 493 2393 γενόμενος
523 2301 655 2394 φράσης
676 2301 755 2394 ἡμῖν
776 2302 1016 2393 καταλογάδην
1038 2304 1196 2389 ἕκαστον,
1227 2300 1276 2386 ὦς
1305 2300 1452 2392 ὑπέσχου
1479 2303 1532 2375 διὰ
1558 2307 1621 2392 τῆς

312 2407 502 2492 ἐπιστολῆς.
546 2407 706 2491 ἔρρωσθε.
788 2486 792 2491 .
1582 2438 1584 2441 ·

395 2591 578 2669 Marcellus,
599 2592 648 2656 vir
668 2597 770 2672 notus,
791 2592 990 2670 Manichaeo,
1022 2592 1077 2676 qui
1106 2591 1167 2657 sibi
1193 2613 1250 2675 per
1275 2591 1445 2675 epistulam
1465 2592 1661 2661 indicatusz

314 2695 374 2770 est,
404 2689 546 2755 salutem.
589 2691 745 2775 Scriptum
776 2692 904 2776 quidem
933 2715 953 2756 a
982 2697 1013 2756 te
1044 2690 1210 2776 epistulam
1241 2691 1360 2774 sumpsi
1390 2696 1422 2756 et
1443 2690 1623 2757 Turbonem

313 2789 408 2855 solita
436 2791 514 2855 mihi
546 2792 742 2856 humanitate
772 2792 909 2875 suscepi,
944 2814 1071 2857 sensum
1100 2813 1175 2857 vero
1211 2792 1388 2857 litterarum
1423 2813 1623 2876 nequaquam

243 2895 297 2958 '20
314 2891 448 2969 adverti3
476 2890 538 2955 nisi
564 2890 646 2955 sorte
672 2894 708 2955 tu
730 2912 878 2973 praeseus
900 2913 1038 2976 exponas
1059 2893 1151 2956 nobis
1181 2914 1238 2975 per
1258 2893 1354 2956 verba
1379 2891 1516 2975 singula,
1540 2892 1623 2956 sicut

288 3026 293 3038 ·
316 3012 371 3073 per
392 2989 560 3073 epistulam
581 2990 761 3073 promisisti.
805 2991 890 3056 Vale.

398 3204 490 3270 Hanc
512 3206 680 3290 epistulam
702 3209 851 3291 scriptam
878 3212 972 3293 atque
1003 3206 1159 3290 signatam
1189 3208 1334 3272 tradebat
1354 3206 1497 3272 Turboni
1523 3206 1663 3272 feren-8

316 3309 388 3371 dam
414 3308 455 3370 ad
477 3329 548 3371 eum
570 3332 588 3372 a
610 3328 673 3392 quo
695 3307 783 3391 prius
803 3309 870 3391 ipse
896 3307 1080 3392 pertulerat3
1105 3305 1160 3371 ille
1185 3326 1260 3371 vero
1286 3307 1387 3372 redire
1414 3310 1547 3371 adeum
1569 3328 1623 3389 pe·

315 3406 400 3470 nitus
426 3405 653 3485 reluctabatur,
684 3430 805 3473 memor
828 3407 950 3472 itineris
971 3406 1128 3486 laborum,
1160 3409 1192 3469 et
1222 3410 1353 3491 rogabat
1383 3407 1480 3472 alium
1508 3428 1567 3490 pro
1589 3428 1623 3470 se

264 3518 297 3573 25
316 3506 419 3590 dirigi
441 3507 601 3591 abnegans
623 3506 706 3571 ultra
727 3507 787 3571 sibi
809 3509 848 3570 ad
869 3505 960 3570 illum
981 3506 1117 3571 reditum
1140 3511 1195 3570 aut
1216 3507 1467 3571 communionem
1492 3527 1563 3570 cum
1585 3526 1622 3570 eo

400 3705 486 3760 ασα
498 3705 557 3757 aaa
574 3704 674 3773 appa
692 3706 735 3772 (ε
753 3708 821 3762 3-4
839 3704 896 3757 ιιι
914 3705 1025 3771 17-21)

401 3887 564 3944 amitioc
592 3889 597 3958 Ι
629 3888 742 3944 saaca
764 3889 932 3944 honorabilis
950 3896 983 3954 -Ι
1003 3889 1067 3943 uale
1084 3891 1110 3940 A
1144 3891 1148 3956 Ι
1181 3889 1199 3944 b
1227 3889 1296 3944 haec
1321 3888 1406 3943 ΛΟΜ
1434 3889 1439 3956 Ι
1472 3887 1621 3956 obsequen·

315 3971 430 4042 tissime]
453 3972 503 4026 dos
520 3977 589 4026 erate
607 3991 622 4027 e
643 3971 778 4027 αιἰῐὶειολιι
795 3990 820 4027 ο.
837 3972 904 4026 Bas.
927 3972 950 4027 0
980 3973 983 4040 Ι
1015 3971 1137 4040 δοααο]
1157 3990 1183 4041 q,
1201 3976 1226 4024 A
1257 3974 1262 4039 Ι
1295 3975 1313 4029 7
1339 3972 1411 4026 acab
1428 3973 1571 4027 conclusus
1590 3979 1622 4034 -Ι-

316 4073 346 4112 οε
364 4056 398 4109 Μ
420 4058 425 4124 Ι
457 4058 476 4114 8
494 4056 545 4111 sibi
564 4057 722 4112 desiderans
740 4057 808 4127 dari]
826 4057 919 4111 uidere
937 4056 1095 4112 desiderans
1114 4056 1147 4109 M
1150 4075 1155 4118 ;
1174 4057 1526 4126 οφλ.Μφι“φ1ιοιιιίιι,Ιιιιια.
1546 4057 1588 4119 66,
1610 4057 1624 4107 ι’

316 4140 333 4195 δ
350 4139 380 4197 a
397 4136 545 4215 Ἀρχέλαος
562 4139 647 4211 γνοὺς
665 4143 715 4210 τὴν
733 4139 825 4198 αἰτίαν
841 4142 892 4197 καὶ
908 4143 958 4210 τὴν
976 4137 1127 4209 ἐπιστολὴν
1145 4137 1286 4213 ἀναγνοὺς
1303 4137 1403 4215 ἔβραχε
1420 4141 1487 4208 τοὺς
1504 4140 1623 4206 ὀδόντας

315 4218 414 4297 ὥσπερ
431 4223 504 4281 λέων
522 4221 689 4297 ὠρνδμενος
709 4229 757 4282 καὶ
780 4228 864 4295 ζῆλον
881 4230 954 4282 θεοῦ
971 4221 1125 4297 ἀναλαβὼν
1142 4221 1277 4299 ἐπειρᾶτο
1296 4223 1420 4297 δρμῆσαι
1440 4230 1551 4295 μᾶλλον
1568 4221 1624 4290 ἕως

317 4306 405 4364 αὐτοῦ
421 4311 470 4364 καὶ
488 4307 685 4383 χειρώσασθαι
704 4309 755 4366 τὸν
776 4319 906 4366 τοιοῦτον
922 4328 987 4364 τισιν.
1020 4310 1025 4377 Ι
1060 4311 1273 4381 iiprccnratnm
1291 4313 1316 4364 A
1333 4312 1540 4380 procuraturum
1558 4310 1590 4362 Μ
1618 4312 1621 4321 '

318 4394 354 4448 18
383 4411 400 4447 a
427 4396 456 4449 te
482 4405 516 4453 <
541 4395 611 4448 AM
647 4398 651 4463 Ι
694 4397 731 4451 19
762 4395 836 4464 vero]
867 4411 963 4449 uerum
990 4398 1015 4449 A
1047 4408 1079 4454 <
1110 4394 1145 4448 M
1181 4396 1186 4462 Ι
1228 4395 1266 4450 21
1294 4411 1342 4465 per
1367 4394 1512 4465 epistulam
1539 4404 1572 4452 <
1603 4394 1627 4448 C

317 4480 320 4545 Ι
351 4477 476 4548 promisti
497 4479 520 4534 0
543 4480 548 4547 Ι
581 4481 620 4535 22
640 4480 770 4550 scriptam
788 4483 870 4549 atque
887 4488 920 4537 <
943 4479 966 4534 0
995 4481 1000 4547 Ι
1031 4479 1117 4534 tradit
1135 4479 1168 4532 Μ
1194 4482 1198 4547 Ι
1235 4478 1451 4534 referendamO
1484 4480 1487 4545 Ι
1528 4478 1567 4532 23
1586 4476 1622 4529 ad

318 4562 391 4632 eum]
408 4561 450 4615 illi
467 4562 502 4615 Μ
534 4566 539 4633 Ι
573 4564 613 4620 24
631 4565 702 4619 nach
720 4564 825 4618 itineris
844 4572 875 4628 ÷
894 4581 928 4618 ac
945 4563 979 4616 Μ
1010 4566 1014 4630 Ι
1042 4563 1080 4618 25
1099 4562 1134 4617 ad
1152 4562 1230 4616 illum
1258 4562 1471 4617 reuersurumrl
1497 4561 1533 4616 ad
1559 4578 1622 4615 enm

317 4645 434 4702 reditum
458 4647 481 4701 C
