3726 5568
642 545 714 598 Acta
730 540 861 597 Archelai
877 538 1002 596 XXXIV.
1019 541 1129 596 XXXV.
1499 555 1539 617 49

228 717 345 777 absorta
359 722 402 777 est
414 735 497 777 mors
510 717 546 776 iu
559 717 690 777 euteria
711 710 781 776 Hac
795 730 870 796 ergo
885 732 923 774 ex
936 732 1032 778 eausa
1044 717 1247 778 murmurium
1260 720 1366 779 meeis
1380 715 1539 799 appellata

229 816 278 877 est
297 812 358 889 lex,
380 812 456 896 quie
469 815 633 895 peccantes
656 817 687 876 et
706 811 957 895 praevaricantes
971 812 1068 877 morti
1082 815 1235 897 tradebat,
1257 819 1417 880 servantes
1433 821 1538 882 autem

229 935 263 977 se
297 912 486 978 defendebat
516 934 535 974 a
563 916 664 978 morte
690 916 722 976 et
752 910 964 977 constituebat
994 912 1027 976 in
1057 912 1171 996 gloria,
1201 935 1261 997 ope
1292 918 1388 998 atque
1419 916 1538 982 auxilio

229 1012 350 1078 domini
370 1010 471 1078 nostri
492 1009 563 1076 lesu
585 1009 712 1076 Christi.

195 1122 211 1173 5
310 1110 428 1176 XXXV
451 1108 587 1193 (XXXI).
609 1110 696 1174 Audi
717 1113 812 1176 stiam
835 1116 866 1176 et
888 1114 926 1177 de
948 1134 986 1176 eo
1007 1113 1092 1195 quod
1114 1113 1234 1178 dictum
1250 1118 1311 1179 est:
1337 1120 1398 1189 Qui
1417 1121 1541 1181 redemit

227 1236 280 1277 nos
301 1217 335 1276 de
354 1215 506 1276 maledicto
528 1215 600 1292 lepis
624 1215 769 1275 Christus.
812 1209 884 1277 Hoc
913 1212 947 1275 in
975 1210 1047 1277 loco
1077 1213 1227 1295 pervideo
1253 1216 1459 1298 magnificum
1487 1218 1539 1281 dei

228 1310 384 1375 famulum
405 1311 537 1393 Moysen
559 1308 778 1394 imaginariam
799 1310 904 1395 legem
925 1310 976 1377 bis
998 1311 1053 1395 qui
1074 1317 1158 1377 recte
1184 1312 1284 1378 velint
1309 1314 1416 1380 videre
1437 1318 1537 1381 tradi·

228 1413 310 1477 disse
331 1417 363 1476 et
383 1410 488 1495 legem
507 1431 620 1474 veram.
656 1409 746 1475 Sicut
768 1413 852 1475 enim
874 1415 959 1490 deus,
981 1433 1054 1477 cum
1076 1413 1203 1479 fecisset
1217 1415 1370 1479 mundum
1385 1420 1417 1479 et
1432 1416 1576 1481 omnint

229 1533 308 1597 quae
337 1513 370 1577 iu
393 1533 430 1576 eo
452 1511 581 1574 suntin
606 1531 661 1574 sex
687 1510 809 1589 diebus,
840 1513 997 1595 requievit
1026 1512 1059 1577 in
1089 1511 1140 1577 die
1170 1515 1305 1598 septima
1326 1514 1366 1578 ab
1389 1516 1538 1581 omnibus

180 1622 212 1676 10
229 1612 377 1695 operibus
391 1611 457 1675 suis
472 1646 512 1656 -
528 1633 592 1675 non
606 1609 677 1675 dico
693 1613 768 1694 quia
785 1611 976 1695 requieverit
989 1611 1150 1697 fatigatus,
1172 1616 1227 1681 sed
1243 1615 1391 1699 quoniam
1413 1618 1452 1679 ad
1467 1638 1538 1700 per·

227 1713 347 1777 fectum
368 1712 541 1775 adduxerat
562 1731 688 1776 omnem
710 1732 805 1794 quam
819 1711 923 1776 facere
938 1711 1137 1796 disposuerat
1159 1716 1333 1778 creaturam
1348 1717 1538 1798 —denique

228 1814 285 1878 ait:
306 1817 396 1876 Pater
415 1833 501 1875 ersus
520 1833 615 1892 usque
635 1815 722 1876 modo
744 1820 881 1892 operatm
902 1821 930 1874 et
948 1835 999 1892 epo
1013 1834 1123 1892 operor.
1160 1810 1400 1896 Numquidnam
1415 1815 1536 1881 caelum

228 1914 305 1978 facit
326 1917 381 1976 aut
402 1909 502 1976 solem
523 1914 579 1974 aut
598 1910 760 1975 hominem
782 1915 837 1974 aut
858 1910 1007 1976 animalia
1027 1917 1083 1976 aut
1096 1911 1233 1995 virgulta
1248 1916 1303 1975 aut
1316 1912 1380 1978 tale
1395 1914 1538 1998 aliquid?

228 2012 290 2078 Sed
310 2011 360 2076 his
382 2012 510 2094 quidem
531 2009 709 2075 visibilibus
730 2009 893 2093 perfectis,
915 2033 934 2074 a
954 2009 1011 2074 tali
1033 2033 1126 2094 opere
1149 2011 1343 2094 conquievit3
1364 2013 1576 2085 invisibilius

179 2122 211 2173 15
229 2117 334 2177 autem
356 2114 388 2175 et
407 2110 596 2175 intrinsecus
618 2131 719 2194 usque
741 2112 835 2175 modo
857 2132 991 2193 operans
1012 2109 1121 2176 salvat.
1152 2109 1201 2175 Ita
1223 2131 1298 2195 ergo
1314 2114 1409 2177 etiam
1424 2136 1536 2178 unum-

229 2233 385 2297 quemque
407 2215 560 2289 nostrum‚
583 2209 753 2293 sicutipse
777 2212 853 2275 deus
876 2213 931 2289 est,
952 2210 1166 2276 indesinenter
1179 2210 1255 2276 huic
1270 2210 1358 2294 operi
1372 2211 1537 2297 legislator

228 2312 296 2377 vult
325 2332 393 2377 esse
423 2310 604 2375 devinctum
635 2314 667 2374 et
691 2333 711 2373 a
740 2310 953 2374 saecularibus
978 2309 1068 2375 iubet
1096 2310 1240 2393 protinus
1262 2312 1483 2395 conquiescere
1506 2318 1537 2378 et

228 2414 356 2479 omnino
378 2411 502 2476 nullum
524 2432 604 2493 opus
619 2428 727 2493 gerere
741 2413 943 2489 mundanum,
959 2413 991 2475 et
1004 2410 1064 2475 hoc
1079 2410 1256 2496 appellatur
1270 2410 1445 2477 sabbatum.
1471 2413 1537 2476 Ad·

228 2512 308 2576 didit
329 2512 425 2577 etiam
446 2513 508 2576 hoc
529 2511 562 2575 in
583 2510 663 2594 lege,
684 2509 764 2573 nihil
786 2510 957 2574 absurdum
979 2510 1048 2574 fieri
1070 2513 1191 2592 debere,
1213 2515 1268 2578 sed
1290 2511 1456 2577 observare
1478 2533 1536 2577 nos

178 2623 212 2677 20
229 2617 261 2677 et
281 2612 414 2694 dirigere
437 2612 534 2676 vitam
556 2615 696 2676 nostram
727 2632 765 2674 ex
796 2631 896 2693 aequo
928 2609 1076 2674 et0iusto.
1118 2607 1161 2672 Et
1182 2609 1358 2676 inminebat
1378 2612 1456 2676 haec
1478 2611 1576 2690 lex‚4

229 2709 377 2776 acerrime
398 2709 601 2775 maledictum
622 2710 760 2775 inferens
782 2710 830 2773 his
845 2710 901 2792 qui
922 2731 991 2773 earn
1013 2709 1147 2773 fuissent
1166 2710 1366 2793 transgressu
1389 2714 1444 2776 sed
1459 2733 1538 2795 quo·

229 2811 314 2873 niam
335 2811 477 2875 homines
500 2815 588 2874 erant
610 2813 641 2874 et
662 2808 709 2874 illi
731 2813 769 2888 et
792 2809 874 2873 sicut
896 2807 991 2872 etiam
1012 2808 1105 2873 nobis
1126 2809 1308 2892 frequenter
1323 2810 1446 2891 accidit
1462 2833 1536 2878 con·

229 2910 399 2976 troversiae
414 2908 595 2975 oriebantur
610 2913 641 2972 et
654 2909 882 2992 inrogabantur
895 2907 1028 2972 iniuriae
1038 2913 1070 2973 et
1083 2907 1134 2973 lex
1149 2909 1257 2973 statim
1272 2910 1537 2977 districtissimam

230 3009 381 3075 ultionem
401 3008 524 3092 peccati
545 3009 757 3092 retorquebat,
783 3007 829 3071 ita
855 3011 892 3071 ut
912 3007 940 3073 si
961 3007 1017 3091 qui
1038 3029 1213 3091 pauperum
1234 3009 1387 3075 voluisset
1408 3010 1441 3075 in
1464 3013 1536 3076 sab·

178 3120 212 3174 25
229 3111 303 3174 bato
325 3108 442 3173 fascem
463 3107 544 3193 ligni
566 3107 724 3192 colligere,
746 3107 804 3172 sub
827 3107 994 3172 maledicto
1015 3107 1096 3191 legis
1116 3107 1246 3173 effectus
1267 3111 1361 3176 morti
1385 3112 1536 3177 continuo

229 3208 429 3273 subiceretur.
457 3208 652 3274 Artabantur
672 3227 748 3292 ergo
770 3207 982 3273 cohercitione
996 3206 1076 3291 legis
1090 3208 1234 3273 homines
1249 3209 1305 3291 qui
1320 3230 1392 3274 cum
1406 3210 1535 3294 Aegyp·
1557 3222 1575 3274 5

228 3308 281 3372 tiis
303 3308 430 3373 fuerant
451 3307 574 3372 educati
595 3329 654 3372 nec
675 3311 799 3391 poterat
819 3329 937 3391 poenas
960 3307 1041 3391 legis
1057 3311 1089 3370 et
1101 3306 1270 3371 maledicta
1283 3307 1425 3372 tolerare.
1454 3308 1535 3373 Rur-

229 3431 297 3472 sum
318 3413 424 3472 autem
444 3406 509 3487 ille,
529 3410 584 3491 qui
605 3429 730 3490 semper
748 3406 887 3472 salvator
901 3412 956 3485 est,
978 3405 1065 3471 lesus
1080 3406 1227 3471 dominus
1242 3411 1348 3471 noster
1363 3408 1533 3472 adveniens

227 3505 374 3571 liberavit
395 3529 448 3572 eos
471 3530 508 3572 ex
530 3507 748 3572 huiuscemodi
768 3506 959 3571 cruciatibus
984 3506 1065 3589 legis
1087 3510 1182 3588 atque
1203 3505 1391 3586 maledictis,
1414 3511 1535 3573 donans

178 3616 212 3669 30
229 3605 272 3670 eis
294 3606 433 3671 iniurias.
468 3606 537 3673 Nec
559 3608 641 3672 sicut
655 3607 781 3688 Moyses
803 3605 969 3670 severitate
984 3627 1059 3670 usus
1075 3609 1123 3670 est
1145 3605 1224 3689 legis
1245 3604 1326 3670 nulli
1339 3606 1534 3691 indulgendo
1557 3625 1576 3675 c

228 3706 386 3785 iniuriam,
407 3709 463 3771 sed
484 3707 537 3770 hic
558 3705 645 3785 dixit
667 3706 694 3770 si
716 3706 787 3789 quis
809 3727 919 3788 passus
941 3703 1038 3769 fuerit
1052 3727 1071 3768 a
1084 3705 1228 3788 proximo
1243 3727 1301 3771 suo
1315 3706 1470 3785 iniuriam,
1489 3709 1536 3772 in·

313 3872 328 3926 1
349 3871 361 3923 I
379 3872 443 3925 Xer.
461 3872 503 3938 15,
521 3873 554 3925 54
571 3900 605 3909 —
622 3870 640 3926 5
660 3869 721 3924 Gal.
739 3872 763 3937 3,
782 3870 815 3924 13
833 3901 866 3909 -
885 3870 923 3925 12
942 3868 1003 3925 Jch.
1022 3873 1046 3935 5,
1065 3872 1096 3924 17
1115 3900 1148 3908 -
1167 3871 1205 3925 28
1222 3870 1303 3927 Num.
1321 3875 1363 3935 15,
1381 3872 1482 3927 32-36

229 3954 329 4025 allec,
348 3957 363 4011 1
383 3954 482 4010 llatth.
502 3958 541 4022 18,
560 3955 594 4010 22

316 4090 369 4145 CM

313 4224 1226 4296 lhaccCltlexla.Ros.Mlet<O}4il1n]aus
1251 4225 1371 4281 Gerar!
1404 4228 1408 4293 Ι
1442 4228 1539 4282 christi

228 4319 260 4367 <
278 4309 311 4363 M
340 4312 344 4377 Ι
377 4309 527 4378 bdictum]
546 4310 673 4364 xrreimut
685 4310 903 4379 pescbm'ebch
931 4312 936 4378 l
969 4312 1009 4366 1⁰
1026 4310 1201 4379 requieverit]
1220 4309 1347 4379 requiare
1364 4311 1541 4380 quieueritC

228 4394 232 4461 Ι
263 4393 301 4449 14
318 4393 453 4448 inuisibili
475 4395 529 4448 cM
554 4395 558 4461 Ι
593 4395 630 4450 lb
648 4397 677 4449 et
694 4396 867 4465 intrinsecus]
889 4395 1019 4461 Zaeapui,
1047 4397 1075 4449 et
1091 4396 1226 4450 trinsecus
1248 4395 1454 4450 Oextrinseeus
1473 4397 1506 4451 Μ
1533 4400 1537 4465 Ι

229 4478 264 4533 17
285 4480 314 4532 et
331 4478 413 4545 (noct
430 4478 609 4548 devinctum]
628 4480 715 4534 estO
743 4481 748 4546 Ι
780 4481 914 4551 protinus]
938 4482 1067 4551 protenus
1089 4480 1235 4551 Oprorsus
1258 4479 1292 4533 Μ
1320 4480 1324 4547 Ι
1359 4481 1396 4536 18
1415 4482 1537 4551 appella·

227 4562 280 4631 tur]
299 4579 351 4616 uus
369 4562 523 4633 appellatus
541 4581 609 4618 corr.
632 4566 669 4619 0¹
701 4566 705 4632 Ι
738 4565 911 4635 reposceri]
931 4566 1034 4620 fecerat
1054 4564 1109 4619 GM
1137 4567 1142 4631 Ι
1174 4563 1213 4619 25
1231 4564 1344 4633 fascem]
1364 4564 1454 4619 facere
1473 4567 1506 4619 Μ
1534 4568 1537 4635 l

228 4644 308 4716 ligni]
326 4646 412 4715 dusrtr
429 4647 489 4701 cine
501 4647 590 4703 Micia
607 4665 659 4702 uon
676 4653 742 4702 eruo
759 4650 834 4703 secta
846 4650 958 4704 Bucbst.
976 4649 1010 4704 Μ
1037 4651 1043 4718 Ι
1075 4652 1114 4705 26
1132 4648 1179 4719 qui
1198 4649 1268 4717 oum]
1289 4649 1455 4718 quicumque
1474 4650 1504 4704 Μ
1534 4652 1538 4721 1

229 4731 267 4787 2⁹
286 4732 329 4801 ex]
349 4734 378 4786 et
399 4732 422 4786 0

282 4819 345 4863 Acta
357 4818 480 4864 Archelai.
1312 4823 1330 4873 4
