3726 5568
712 514 786 568 Acta
801 511 932 570 Archelai
950 511 1073 568 LXVIII.
1503 520 1544 584 99

237 681 349 748 Maria.
390 679 440 747 Ex
462 681 577 766 quihus
607 686 655 747 est
676 680 856 760 Corinthus,
877 679 988 747 libion
1018 686 1050 747 et
1079 703 1164 747 nunc
1184 680 1330 762 Fotinus,
1356 682 1411 766 qui
1440 690 1586 749 eorumt

237 781 373 848 heresim
394 781 590 847 instauravit.
632 779 748 866 Erupit
769 786 801 847 et
825 780 889 846 alie
916 781 1047 860 heresis,
1069 802 1149 866 quae
1171 780 1351 865 catafrigas
1372 779 1550 865 appellatur

239 905 276 949 ex
297 880 507 966 promissione
528 881 657 965 spiritus
678 881 788 962 saneti,
811 903 906 965 quam
928 881 1075 947 dominus
1100 879 1239 947 salvator
1259 885 1368 947 noster
1387 878 1549 964 pollicitus

239 987 288 1049 est
309 983 429 1047 dicens:
450 978 575 1046 Vadam
600 985 633 1046 et
653 979 751 1046 alium
771 979 967 1065 paracletum
993 981 1119 1045 mittam
1140 981 1240 1060 vohis,
1261 982 1409 1046 adserens
1429 1002 1495 1046 non
1515 981 1548 1044 in

204 1079 401 1167 eapostolis,
422 1081 477 1146 sed
497 1080 531 1145 in
552 1079 748 1160 Montanum,
770 1079 949 1146 Priscillam
971 1085 1003 1145 et
1022 1078 1241 1145 Maximillam.
1276 1078 1355 1145 Post
1372 1079 1429 1144 has
1444 1081 1547 1163 erupit
1567 1095 1586 1149 t

239 1180 456 1259 Manichaeus,
476 1183 551 1262 post
572 1179 795 1245 dormitionem
815 1181 917 1245 saneti
938 1180 1086 1263 martyris
1108 1177 1271 1263 Cypriani,
1293 1179 1453 1245 modicum
1475 1184 1549 1245 ante

240 1280 484 1360 Diocletianum,
506 1279 562 1362 qui
582 1277 682 1344 alium
696 1280 790 1344 deum
804 1279 931 1359 bonum,
953 1278 1052 1344 alium
1071 1277 1192 1344 malum
1204 1280 1347 1345 indicant
1360 1284 1393 1344 et
1407 1280 1549 1344 omnium

240 1381 388 1446 universa
410 1399 491 1463 quae
512 1401 531 1443 a
552 1399 684 1462 corpore
713 1382 787 1443 sunt
816 1378 927 1444 dicunt
956 1400 1024 1444 esse
1051 1376 1194 1446 Satanae.
1236 1377 1341 1445 Huius
1371 1378 1490 1444 heresis
1511 1378 1550 1444 de

241 1479 443 1564 Pythagorae
463 1476 551 1542 fonte
572 1476 692 1542 libatur
713 1482 745 1542 et
767 1478 938 1543 commixta
951 1477 1085 1562 magicis
1100 1480 1222 1544 artibus
1236 1477 1410 1562 astrologia
1424 1500 1550 1562 quoque

189 1581 224 1636 10
240 1583 382 1658 utuntur,
402 1578 485 1643 siout
506 1577 627 1660 etipse
647 1574 846 1662 Pythagoras
868 1579 908 1643 de
928 1578 977 1643 his
1000 1578 1163 1643 exordium
1177 1578 1282 1643 sumit
1307 1577 1351 1642 Et
1363 1579 1413 1643 uti
1426 1578 1551 1644 infinita
1572 1590 1586 1645 7

241 1683 450 1764 praeteream,
470 1699 556 1743 nunc
580 1679 619 1742 de
646 1677 737 1743 novis
758 1677 921 1743 heresibus
946 1678 1084 1743 breviter
1104 1678 1331 1761 increpandum
1352 1683 1408 1743 est
1450 1676 1551 1762 Super

242 1780 353 1845 funere
367 1776 568 1843 Constantini
590 1778 695 1861 erupit
714 1776 832 1842 heresis
846 1777 983 1842 Arriano
1004 1779 1087 1861 apud
1102 1775 1336 1853 Alexandriam,
1359 1798 1439 1861 quae
1453 1799 1552 1843 unum

240 1883 365 1963 patrem
386 1880 481 1942 deum
503 1898 578 1956 esse,
600 1875 702 1941 filium
724 1897 799 1942 vero
823 1877 963 1942 eiusdem
985 1877 1148 1941 dominum
1169 1880 1312 1941 nostmm
1326 1873 1431 1941 lesum
1446 1875 1552 1942 Chris·

242 1984 311 2044 tum
332 1982 365 2042 et
385 1977 532 2060 spiritum
555 1980 701 2041 sanctum
722 1976 893 2060 adoptione
913 1997 980 2040 esse
1003 1974 1105 2039 filium
1126 1996 1191 2039 non
1210 1979 1323 2040 natura
1345 1980 1377 2039 et
1399 1981 1553 2060 quantum

190 2084 224 2138 15
241 2079 359 2143 distare
381 2076 460 2142 dicit
481 2074 584 2141 filium
606 2099 626 2140 a
645 2080 736 2159 patre
756 2079 880 2140 tantum
902 2097 1011 2140 rursus
1033 2075 1111 2140 dicit
1125 2096 1144 2138 a
1158 2071 1225 2139 filio
1245 2073 1393 2157 spiritum
1408 2078 1556 2160 seperari.

243 2175 332 2243 Haeo
351 2177 386 2241 in
412 2175 474 2240 tria
500 2174 663 2240 scinditur.
705 2173 882 2240 Eunomius
905 2175 1038 2259 quippe,
1060 2197 1079 2238 a
1101 2195 1164 2258 quo
1186 2177 1340 2238 vocantur
1360 2171 1589 2242 Eunomiani8

241 2276 403 2343 audaciter
422 2273 622 2359 proclamant
642 2278 675 2340 et
694 2272 803 2350 libere,
825 2274 910 2358 quod
933 2295 1068 2357 quorum
1082 2273 1206 2340 diversa
1226 2278 1339 2337 natura
1353 2277 1409 2353 est,
1431 2272 1552 2339 similes

242 2399 295 2442 eos
317 2397 384 2441 esse
405 2397 469 2440 non
484 2395 584 2458 posse,
605 2375 713 2458 itaque
728 2373 830 2439 filium
847 2379 878 2439 et
895 2378 1027 2458 patrem,
1050 2374 1198 2458 quonism
1213 2372 1342 2438 alterius
1358 2375 1552 2440 substantiae

241 2480 354 2554 essent,
375 2473 545 2540 dissimiles
567 2496 641 2539 esse.
684 2474 889 2539 Macedoniae
911 2495 998 2553 vero,
1020 2496 1039 2538 a
1061 2495 1124 2558 quo
1148 2476 1301 2538 vocantur
1323 2472 1588 2555 Macedonianie
1698 2532 1703 2545 .

189 2579 225 2634 20
243 2576 298 2659 qui
320 2575 415 2640 etiem
436 2573 566 2638 Arriani
587 2579 817 2658 nuncupantur,
838 2574 897 2638 sub
918 2574 1070 2657 inpietate
1091 2573 1242 2656 pietatem
1261 2573 1407 2637 videntur
1428 2572 1553 2652 inferre,

242 2678 278 2739 nt
299 2675 406 2739 dicent
427 2671 564 2738 similem
585 2695 654 2738 esse
675 2673 778 2739 filium
798 2674 895 2756 patri;
916 2677 949 2738 at
968 2674 1003 2738 in
1023 2693 1061 2738 eo
1076 2671 1227 2737 differunt
1245 2673 1285 2737 ab
1295 2671 1453 2763 Arrianis,
1468 2675 1553 2756 quod

241 2774 371 2838 Arriani
392 2772 493 2838 filium
515 2771 652 2838 similem
673 2773 757 2857 petri
775 2773 893 2852 dicunt,
914 2771 1135 2838 Macedoniani
1149 2793 1233 2852 vero,
1254 2768 1377 2854 utplus
1391 2772 1420 2835 ei
1435 2772 1553 2837 donare

241 2875 422 2949 videantur,
444 2870 581 2936 similem
608 2873 718 2938 dicunt
747 2893 815 2937 esse
844 2894 901 2956 per
927 2872 1042 2937 omnia
1084 2870 1147 2936 Sed
1169 2876 1201 2937 et
1222 2892 1276 2936 eos
1298 2869 1389 2935 dolus
1411 2875 1443 2935 et
1464 2870 1553 2956 lapsa
1573 2882 1613 2938 lo

245 2973 335 3056 quasi
356 2973 458 3055 pietas
479 2971 609 3055 detegit,
632 2993 705 3037 cum
726 2972 822 3037 etiam
843 2972 939 3037 homo
954 2973 993 3036 ad
1012 2972 1185 3054 imaginem
1200 2975 1233 3036 et
1246 2968 1487 3036 similitudinem
1502 2973 1554 3036 dei

195 3083 229 3137 25
248 3072 393 3136 conditus
415 3071 465 3136 sit
500 3070 652 3136 Extrema
665 3075 714 3136 est
727 3072 846 3137 heresis
860 3070 1063 3155 Apollinaris,
1086 3093 1166 3156 quae
1182 3075 1260 3155 quot
1277 3070 1422 3136 homines
1436 3072 1555 3136 habent

247 3175 295 3236 tot
324 3192 423 3255 paene
453 3172 633 3237 sententias.
674 3168 821 3237 Necdum
852 3172 936 3236 enim
965 3172 1049 3236 inter
1078 3192 1131 3236 eos
1153 3172 1313 3259 decretum
1336 3177 1396 3250 est,
1417 3173 1452 3236 in
1474 3194 1555 3257 quae

248 3272 338 3355 quasi
359 3292 418 3353 pro
440 3275 526 3336 certo
548 3275 580 3336 et
601 3275 719 3336 statuto
741 3269 1013 3355 blasphemabunt
1048 3270 1115 3334 Alii
1137 3270 1247 3335 dicunt
1267 3292 1325 3336 nec
1347 3293 1474 3337 sensum
1495 3294 1554 3338 nec
1574 3275 1611 3334 11
1675 3339 1679 3347 ,

247 3371 384 3435 animam
405 3370 575 3436 humanam
595 3371 741 3435 habuisse
760 3371 924 3436 dominum
937 3374 1080 3436 nostrum
1093 3367 1199 3434 Iesum
1213 3367 1381 3435 Christum.
1404 3370 1466 3447 Qui
1480 3394 1554 3437 vero

248 3470 431 3535 audaciores
452 3475 538 3547 sunt,
565 3471 660 3535 etiam
683 3493 796 3553 corpus
817 3469 903 3535 illius
923 3471 969 3535 sic
983 3472 1022 3535 de
1036 3469 1137 3533 Maria
1158 3468 1360 3549 confitentur,
1381 3475 1418 3535 ut
1438 3471 1555 3536 nihilo·

196 3579 231 3636 30
247 3571 352 3634 minus
374 3570 469 3634 etiam
490 3571 552 3634 hoe
577 3571 616 3634 de
638 3568 825 3635 caelestibus
847 3571 1016 3635 vindicent
1056 3566 1213 3634 Nonnulli
1235 3569 1372 3633 animam
1394 3574 1427 3634 et
1441 3592 1555 3654 corpus

247 3670 468 3733 tantummodo
489 3668 683 3752 profitentes,
704 3692 844 3750 sensum,
870 3670 904 3734 id
931 3673 981 3735 est
1000 3672 1152 3746 mentem,
1177 3673 1303 3752 negent
1345 3667 1408 3734 Sed
1429 3671 1507 3735 istos
1528 3671 1555 3734 si
1575 3676 1613 3732 12

248 3768 440 3846 discusseris,
461 3771 494 3832 et
514 3768 653 3833 enimam
674 3774 706 3834 et
728 3791 840 3853 corpus
860 3769 1017 3853 incipiunt
1032 3771 1188 3851 denegare
1203 3772 1235 3833 et
1249 3769 1358 3833 dicunt
1377 3791 1435 3852 pro
1451 3771 1556 3835 anima

247 3866 492 3933 inhabitatorem
506 3867 604 3933 fuisse
619 3869 749 3932 verbum
764 3870 871 3946 deum3
886 3873 918 3933 et
932 3871 1007 3935 dum
1016 3866 1128 3934 volunt
1141 3869 1369 3933 humanitatem
1383 3869 1417 3933 in
1430 3868 1555 3936 Christo

334 4017 353 4073 4
372 4015 433 4072 Joh.
452 4019 493 4085 14,
512 4017 576 4073 latr.
594 4017 653 4071 aad
669 4019 711 4085 16,
729 4018 763 4073 28

336 4151 371 4206 Μ

335 4273 351 4328 1
372 4271 512 4326 cherintus
530 4270 565 4325 Μ
584 4272 589 4338 Ι
613 4271 631 4325 2
650 4269 770 4325 Macati
784 4270 887 4326 noma
904 4272 976 4327 nodi
993 4271 1149 4343 appellatur
1171 4270 1394 4339 interponerem
1410 4273 1470 4326 und
1485 4275 1557 4328 met

250 4357 378 4413 adeerem
387 4356 428 4424 (Ζ,
436 4357 463 4424 4)
481 4372 548 4411 asso.
571 4360 638 4410 eoo
657 4355 773 4411 eundem
796 4356 987 4427 (paracletum)
1008 4355 1154 4411 missenum
1176 4371 1234 4409 esse
1250 4359 1386 4423 aydam
1418 4357 1423 4424 Ι
1456 4357 1473 4414 h
1492 4376 1555 4429 apo·

249 4442 340 4512 stolis]
352 4440 483 4496 oidleshtt
499 4458 538 4495 xeo
555 4440 696 4511 apostolos
712 4457 751 4496 aa
768 4457 835 4497 corr.
860 4442 865 4508 Ι
891 4443 905 4497 7
920 4441 1112 4496 dioclitianum
1121 4439 1156 4493 M
1167 4441 1171 4505 Ι
1186 4439 1319 4510 omnium]
1328 4456 1439 4512 operum
1454 4442 1557 4498 &ldae

250 4530 254 4595 Ι
284 4528 303 4582 9
321 4527 455 4599 pytagore
464 4525 499 4579 Μ
517 4526 522 4594 1
546 4525 743 4597 astrologieM,
761 4542 813 4580 oon
825 4525 952 4580 Plenkers
963 4527 1106 4581 wbeseert
1128 4528 1133 4588 1
1158 4526 1197 4581 14
1215 4524 1341 4596 spiritum
1359 4542 1437 4580 suurn
1449 4527 1488 4595 Μ,
1507 4545 1558 4582 oon

253 4611 356 4667 nanee
369 4611 518 4677 mbwsert,
536 4610 664 4665 Plonloers
680 4610 740 4665 aad
759 4610 863 4665 ihmer
878 4611 1001 4666 mdchtm
1018 4611 1090 4666 diosc
1101 4610 1190 4665 Worto
1200 4612 1239 4678 (et
1247 4627 1286 4681 sp.
1295 4628 1335 4665 su.
1344 4609 1457 4680 linter)
1474 4613 1558 4682 titum

250 4699 254 4765 Ι
280 4698 318 4752 ld
333 4694 470 4773 erciditur
482 4695 516 4748 Μ
526 4695 531 4763 Ι
547 4697 584 4751 21
599 4695 639 4765 et]
648 4698 678 4750 at
688 4694 792 4750 &tow
806 4697 811 4764 Ι
827 4697 864 4752 2?
876 4712 927 4765 pro
937 4697 1043 4751 certum
1055 4699 1084 4750 et
1096 4697 1171 4750 statu
1185 4696 1224 4761 Μ,
1237 4712 1288 4750 ooo
1303 4694 1403 4750 heudo
1414 4697 1558 4752 mdaesert

1309 4783 1346 4837 7*
