3768 5566
678 555 749 608 Auta
767 553 895 610 Archelai
912 555 1010 610 XXIV.
1029 555 1114 610 XXV,
1513 569 1551 630 37

244 725 333 792 vobis
354 723 545 809 intelligitur
566 745 669 788 sermo
697 722 898 807 euangelieus
929 745 1024 807 quam
1054 727 1093 791 ab
1120 727 1195 803 isto,
1225 730 1336 811 quise
1358 729 1552 812 paraeletum

244 849 311 892 esse
331 825 510 910 profitetur,
540 845 634 908 quem
657 841 716 906 ego
739 823 841 906 magis
866 826 1040 907 parasitum
1067 849 1161 910 quarn
1187 828 1380 911 paracletum
1411 830 1552 911 dixerim,

243 927 345 992 dieam
368 944 427 1009 ego
451 927 611 1008 quomodo
632 922 804 988 acciderint
825 923 980 989 tenebrae.
1016 923 1095 991 Cum
1109 926 1165 993 lun
1187 934 1270 994 esset
1290 930 1407 1012 ubique
1429 930 1551 1008 diffusa,
1570 935 1589 988 4

243 1029 396 1091 mundum
426 1024 531 1108 eoepit
552 1026 629 1089 deus
650 1026 784 1089 oondere
808 1024 936 1089 initium
958 1049 977 1089 a
998 1026 1085 1093 eaelo
1107 1032 1138 1092 et
1158 1032 1242 1093 terra
1263 1051 1402 1109 sumens,
1432 1030 1466 1095 in
1487 1052 1550 1113 quo

207 1129 287 1193 uita
307 1124 388 1190 ratio
410 1124 526 1201 evenit,
548 1127 584 1187 ut
609 1123 772 1202 medietas,
804 1126 859 1208 qui
881 1130 929 1190 est
949 1130 1049 1190 terrae
1070 1127 1160 1193 loeus
1181 1131 1293 1193 umbra
1314 1130 1465 1209 obtentus,
1495 1132 1551 1195 ob·

242 1230 325 1294 iaetu
349 1225 496 1291 videlieet
510 1245 617 1287 earum
637 1223 834 1306 quaefactae
848 1229 922 1289 sunt
936 1231 1156 1306 ereaturarum,
1179 1227 1371 1294 inveniretur
1390 1232 1551 1306 obscurus,

241 1329 286 1392 ita
308 1330 344 1391 ut
365 1348 414 1391 res
436 1326 597 1407 expeteret
617 1322 776 1387 introduci
797 1323 901 1390 lueem
926 1326 1001 1390 buia
1021 1326 1082 1409 ipsi
1103 1325 1135 1390 in
1158 1328 1326 1393 medietate
1344 1330 1448 1412 posito
1470 1330 1551 1396 loeo.

241 1427 333 1493 Unde
362 1429 395 1491 et
422 1424 457 1488 in
479 1421 593 1488 Genesi
615 1420 742 1504 Moyses
769 1444 917 1503 enarrans
941 1424 1096 1490 facturam
1121 1427 1232 1491 mundi
1253 1449 1453 1513 nequaquam
1475 1429 1587 1495 faeitb

241 1527 439 1591 tenebrarum
461 1523 665 1599 mentionem,
695 1526 750 1586 aut
776 1524 866 1606 quasi
888 1525 989 1589 laetae
1010 1525 1074 1589 sint
1094 1530 1149 1590 aut
1174 1550 1239 1592 non
1262 1527 1376 1606 faotae;
1407 1533 1463 1595 sed
1485 1531 1552 1614 ipse

191 1644 225 1694 lu
240 1627 347 1701 tacuit,
369 1626 426 1703 his,
449 1622 504 1708 qui
519 1623 641 1705 possint
655 1624 824 1701 advertere,
846 1624 1065 1708 derelinquens
1081 1625 1234 1692 rationem
1248 1628 1341 1693 buius
1360 1629 1551 1706 intellectum

241 1748 321 1811 qnae
343 1725 472 1809 quidem
492 1742 551 1787 neo
572 1721 649 1786 satis
671 1725 718 1785 est
732 1724 831 1785 ardua
845 1727 940 1807 atque
955 1724 1103 1791 difficilis.
1143 1723 1201 1791 Cui
1224 1727 1306 1792 enim
1327 1751 1390 1793 non
1411 1729 1467 1793 fiat
1488 1752 1552 1793 ma·
1570 1740 1588 1788 o

240 1827 398 1904 nitentum,
420 1824 521 1889 solem
541 1823 638 1887 istum
659 1819 826 1901 visibilem,
849 1843 920 1887 eum
941 1823 981 1887 ab
1004 1826 1123 1891 oriente
1139 1826 1234 1891 fuerit
1256 1832 1383 1893 exortus
1405 1834 1438 1893 et
1451 1834 1551 1894 teten-

241 1927 322 1990 derit
342 1927 403 1990 iter
423 1945 515 1989 suum
541 1924 581 1986 ad
603 1922 809 1998 occidentem,
836 1943 908 1987 aum
933 1925 992 1988 sub
1013 1928 1097 1989 terra
1118 1926 1191 1991 ierit
1212 1931 1244 1990 et
1268 1929 1401 1994 interior
1421 1927 1551 1994 effeetus

242 2025 336 2091 fuerit
357 2047 393 2090 ea
415 2046 495 2109 qnae
521 2020 605 2106 apud
628 2019 764 2085 Graecos
786 2024 900 2104 sphera
920 2027 1058 2103 voratur,
1081 2028 1165 2108 quod
1188 2048 1271 2091 nuno
1292 2027 1419 2092 obiectu
1440 2050 1552 2112 eorpo-

190 2141 223 2194 15
241 2149 311 2191 rum
332 2123 538 2192 obumbratus
559 2143 625 2187 non
644 2122 813 2203 adpareat?
835 2122 897 2188 Sed
919 2124 1044 2189 obtecto
1067 2146 1114 2202 eo,
1136 2127 1281 2190 obstante
1296 2131 1397 2191 terrae
1412 2141 1585 2211 corporea

241 2225 462 2309 superducitur
482 2224 606 2298 umbra,
621 2218 714 2302 ‘quae
739 2244 833 2290 exse
856 2221 954 2287 efficit
978 2225 1136 2300 tenebras,
1162 2247 1326 2310 usquequo
1349 2248 1482 2304 rursum,
1504 2226 1550 2291 in-

240 2326 365 2391 ferioris
387 2326 482 2410 spatii
504 2346 597 2391 eursu
618 2330 821 2407 pernoctem
843 2327 1016 2402 transacto,
1038 2325 1077 2387 ad
1099 2324 1252 2391 orientem
1274 2325 1434 2391 revolutus
1456 2330 1552 2409 atque

241 2426 274 2489 in
296 2425 375 2491 loeis
397 2424 499 2490 solitis
525 2427 654 2491 obortus
681 2428 838 2511 adpareat
880 2421 939 2488 Est
965 2442 1040 2507 ergo
1062 2427 1192 2490 umbrae
1218 2431 1313 2509 atque
1333 2428 1437 2492 noetis
1459 2447 1552 2490 eausa

240 2525 382 2609 eorporis
402 2530 503 2590 terrae
524 2526 680 2605 soliditas,
703 2527 789 2610 quod
811 2524 906 2588 etiam
928 2545 967 2589 ex
988 2524 1157 2608 suiipsius
1178 2527 1291 2590 umbra
1311 2525 1406 2592 homo
1427 2525 1551 2591 intelle-

188 2645 224 2698 so
241 2644 314 2709 gere
334 2629 447 2708 potest.
490 2626 575 2691 Ante
596 2627 718 2692 eaelum
745 2627 828 2689 enim
850 2629 883 2689 et
902 2629 1018 2688 terram
1041 2630 1136 2708 atque
1157 2648 1265 2691 omnes
1287 2626 1363 2690 istas
1385 2648 1551 2710 corporeas
1570 2642 1588 2696 8

241 2729 398 2791 creaturas
423 2724 607 2790 indeficiens
632 2726 689 2791 lun
719 2724 880 2802 manebat,
911 2745 982 2788 oum
1012 2723 1135 2788 nullum
1161 2746 1275 2809 eorpus
1298 2727 1445 2792 existeret
1466 2730 1551 2812 quod

240 2826 385 2889 umbram
406 2826 457 2889 sui
478 2824 655 2890 obiectione
675 2828 854 2910 generaret3
882 2826 913 2887 et
938 2822 1011 2887 ideo
1038 2845 1196 2906 nusquam
1217 2828 1374 2906 tenebras,
1396 2849 1551 2911 nusquam

240 2928 364 2989 noctem
397 2924 496 2990 fuisse
525 2925 738 3007 profitendum
769 2927 824 2989 est
865 2921 951 2988 Nam
981 2923 1020 3002 si,
1051 2924 1139 2988 verbi
1161 2925 1275 3009 gratia,
1304 2924 1429 3009 placeat
1450 2926 1479 2991 ei
1500 2926 1588 2997 anis

240 3027 379 3107 potestas
402 3027 449 3088 est
470 3024 624 3104 omnium,
656 3026 784 3109 plagam
814 3045 896 3107 quae
926 3025 966 3086 ad
997 3043 1144 3089 ooeasum
1166 3029 1214 3090 est
1233 3025 1357 3090 auferre
1378 3028 1417 3090 de
1438 3027 1551 3105 medio,

187 3141 223 3195 25
240 3148 304 3189 non
326 3126 439 3208 agente
464 3123 532 3190 sole
557 3128 598 3188 ad
627 3124 715 3189 illam
745 3127 868 3208 partem
899 3144 1037 3201 sumum,
1067 3146 1223 3208 nusquam
1252 3125 1308 3189 fiet
1336 3146 1468 3209 vespera
1497 3131 1552 3190 aut

240 3224 398 3299 tenebrae;
420 3225 475 3287 sed
496 3224 557 3288 erit
577 3223 625 3289 sol
646 3245 770 3307 semper
790 3222 825 3287 in
846 3245 940 3288 eursu
961 3218 1020 3288 nee
1038 3244 1190 3307 umquam
1210 3224 1340 3305 occidet,
1360 3229 1392 3289 et
1414 3226 1551 3289 medium

240 3323 319 3389 oaeli
340 3324 407 3388 axis
428 3345 528 3407 paene
549 3345 673 3406 semper
692 3323 814 3388 tenebit
834 3343 893 3388 neo
913 3321 1083 3407 aliquando
1105 3325 1228 3387 desinat
1250 3326 1411 3407 adparere;
1443 3328 1475 3389 et
1496 3346 1552 3409 per

240 3425 301 3488 hoe
321 3424 381 3488 erit
401 3423 566 3487 universus
592 3424 678 3488 orbis
709 3427 864 3488 terrarum
896 3421 1069 3487 clarissimo
1095 3421 1214 3487 lumine
1243 3424 1395 3501 radiatus,
1426 3447 1465 3489 ex
1487 3446 1551 3508 quo

241 3546 298 3589 nee
326 3522 392 3588 ulla
413 3523 480 3588 eius
509 3544 583 3606 pars
613 3520 869 3601 obumbrabitur,
899 3524 954 3586 sed
984 3521 1125 3587 manebit
1152 3522 1270 3606 ubique
1299 3525 1392 3587 unius
1422 3524 1552 3590 luminis

189 3643 223 3698 ³0
241 3623 424 3708 aequalitas.
467 3621 664 3688 Oeeidentsli
683 3625 789 3686 autem
812 3620 907 3705 plaga
928 3625 1047 3685 statum
1068 3644 1161 3687 suum
1182 3626 1326 3687 servante
1348 3627 1380 3688 et
1401 3623 1467 3690 sole
1483 3647 1552 3691 our·
1573 3634 1612 3690 lo

241 3746 311 3788 sum
332 3746 424 3788 suum
454 3723 556 3788 tribus
578 3723 688 3787 mundi
709 3722 853 3806 partibus
875 3722 1085 3800 ministrante,
1112 3723 1145 3786 hi
1168 3723 1296 3806 quidem
1328 3725 1384 3807 qui
1405 3724 1464 3789 sub
1486 3724 1553 3791 sole

241 3827 315 3887 sunt
345 3821 459 3887 elanus
490 3823 636 3887 videntur
659 3821 856 3898 inluminari3
886 3820 932 3884 ita
958 3826 995 3885 nt
1019 3843 1119 3905 paene
1149 3823 1296 3903 dixerim,
1323 3824 1552 3890 dormientibus

240 3923 343 3986 adhue
371 3923 416 3987 eis
447 3923 502 4005 qui
533 3944 550 3986 e
580 3922 703 3987 diversa
732 3921 828 4006 plaga
853 3922 1041 3995 consistunt,
1072 3923 1126 3987 isti
1156 3924 1277 4005 priores
1304 3925 1367 3988 diei
1389 3925 1552 3989 exordium

241 4027 374 4087 sumant.
418 4021 507 4087 Siout
529 4026 634 4086 autem
657 4027 729 4098 ante
751 4042 804 4085 eos
826 4021 882 4104 qni
903 4022 937 4085 in
957 4026 1047 4104 parte
1068 4024 1200 4087 oooidua
1221 4024 1325 4087 iaoent
1354 4023 1419 4089 illis
1446 4023 1552 4088 lumen
1572 4041 1608 4095 11

188 4139 223 4193 35
241 4123 387 4201 exoritur,
409 4123 453 4187 ita
475 4121 614 4187 velocius
636 4125 836 4199 obscuratum
860 4125 892 4184 et
913 4120 974 4187 soli
996 4123 1138 4187 omnium
1160 4124 1215 4206 qui
1234 4124 1265 4186 in
1283 4124 1367 4188 orbis
1382 4124 1552 4188 medietate

330 4288 386 4343 OM

325 4425 343 4479 2
362 4423 423 4493 ego]
442 4440 508 4493 ergo
519 4422 552 4476 M
563 4423 567 4491 Ι
583 4422 786 4494 respirasse
798 4441 834 4471 ω
843 4422 877 4475 Μ
888 4424 893 4492 Ι
909 4422 1200 4493 retractaremus,
1219 4424 1331 4478 obtectu
1345 4423 1401 4478 Odi
1411 4425 1416 4491 Ι
1434 4424 1552 4479 ilueem

239 4517 273 4567 <
284 4507 317 4561 ,11
332 4509 336 4573 Ι
357 4509 375 4564 8
390 4507 492 4577 genesi]
510 4525 563 4562 aus
582 4507 706 4578 genesim
723 4524 791 4562 sorr.
806 4507 850 4575 (ll
870 4507 939 4562 mosi
953 4509 1009 4574 (mo
1023 4507 1137 4574 a.Ras.)
1152 4508 1195 4574 (ll
1216 4508 1254 4563 lo
1268 4506 1322 4562 iter
1334 4508 1422 4578 snum]
1437 4508 1551 4564 itersum

244 4592 267 4646 0
287 4592 293 4660 Ι
315 4591 391 4647 iterii
405 4592 428 4646 0
439 4593 444 4659 Ι
469 4592 508 4647 14
525 4591 621 4647 ieraO
640 4594 644 4659 Ι
671 4593 708 4648 15
728 4590 881 4647 obieetoM
899 4591 904 4657 Ι
929 4593 967 4648 lo
985 4591 1187 4662 superducitM
1207 4594 1210 4659 Ι
1237 4593 1275 4647 111
1293 4591 1345 4660 sui]
1364 4594 1464 4647 suetC
1483 4595 1488 4660 Ι
1512 4593 1549 4648 21

239 4676 310 4729 „aaa
328 4694 390 4730 eum
408 4683 440 4739 Ι-
458 4679 487 4732 et
505 4676 539 4730 M
560 4678 565 4744 Ι
597 4675 717 4746 nullum]
734 4693 787 4731 aus
805 4675 897 4730 nullus
915 4691 986 4732 corr.
1008 4676 1045 4730 0²
1067 4679 1072 4743 Ι
1096 4676 1137 4732 88
1155 4675 1190 4746 ei]
1208 4678 1237 4729 et
1258 4676 1281 4729 (7
1301 4677 1305 4743 Ι
1330 4678 1368 4732 21
1389 4694 1454 4732 axes
1476 4678 1530 4732 CM
1547 4678 1551 4743 Ι

240 4759 377 4815 desiuitO
396 4761 400 4829 Ι
425 4761 465 4816 oo
477 4760 652 4832 occidentali]
665 4760 792 4817 occident
806 4760 854 4814 alii
868 4761 892 4815 0
911 4761 916 4827 Ι
939 4765 1066 4816 servante
1076 4772 1109 4822 <
1120 4761 1154 4815 Μ
1165 4763 1169 4830 Ι
1185 4760 1224 4817 88
1243 4760 1333 4816 adhuc
1346 4761 1393 4831 eis]
1403 4761 1518 4817 adhueis
1533 4764 1555 4817 Ο
