3768 5566
318 543 354 602 16
784 598 786 603 ⁴
882 533 1068 603 Hegemonins

314 694 421 767 πάλιν
443 700 548 768 ἐσθίει
570 694 690 784 ἄρτον,
721 692 851 786 ἀνάγκη
874 704 930 767 καὶ
953 691 1059 767 αύτὸν
1080 702 1271 788 βρωθῆναι,
1300 697 1407 786 ἀρτον
1429 696 1622 787 γενόμενον.

314 801 419 877 εἴτις
442 794 597 883 φονεύσει
620 791 790 884 ὀρνίθιον,
823 793 979 882 ὀρνίθιον
1001 798 1107 867 ἔσται·
1144 802 1174 868 εἲ
1199 828 1250 880 τις
1273 795 1429 885 φονεύσει
1458 804 1536 888 priv,
1567 806 1661 869 καὶθ

316 893 419 979 αὐτὸς
440 902 502 986 μῦς
524 899 626 966 ἔσται.
670 899 700 966 εἴ
725 924 777 979 τις
807 894 912 968 πάλιν
941 900 1012 967 ἐστὶ
1037 894 1199 979 πλούσιος
1226 901 1264 968 ἐν
1285 895 1400 987 τούτῳ
1422 904 1473 987 τῷ
1496 896 1622 988 κόσμῳ,

315 1002 370 1066 καὶ
392 996 451 1067 ἐὰν
474 1000 595 1083 ἐξέλθῃ
617 1000 653 1066 ἐκ
676 1001 740 1066 τοῦ
762 996 985 1086 σκηνώματος
1007 992 1123 1081 αὐτοῦ,
1147 992 1276 1086 ἀνάγκη
1298 994 1405 1068 αὐτὸν
1420 1002 1468 1080 εἰς
1481 1005 1623 1086 πτωχοῦ

279 1111 296 1163 5
315 1103 411 1183 σῶμα
432 1100 711 1185 μεταχχισθῆναι,
735 1093 823 1167 ὥστε
844 1101 1102 1185 περιπατοῦντα
1124 1092 1232 1169 αύτὸν
1254 1101 1432 1188 ἐπαινῆσαι
1461 1105 1516 1167 καὶ
1538 1098 1623 1187 μετὰ

315 1202 424 1267 ταῦτα
445 1191 605 1265 ἀνελθεῖν
626 1192 733 1266 αὐτὸν
754 1201 800 1279 εἰς
821 1194 962 1268 κόλασιν
984 1197 1133 1269 αἰώνιον.
1174 1202 1238 1267 τοῦ
1259 1203 1295 1268 δὲ
1319 1198 1474 1286 σώματος
1497 1194 1624 1267 τούτου
1642 1210 1661 1264 4

314 1288 419 1379 ὄντος
441 1303 514 1366 τῶν
536 1290 717 1382 ἀρχόντων
738 1301 794 1366 καὶ
818 1302 878 1385 τῆς
904 1292 999 1385 ὕλης,
1022 1292 1150 1384 ἀνάγκη
1178 1295 1242 1368 τὸν
1265 1294 1458 1384 φυτεύοντα
1478 1302 1623 1383 περσέαν

314 1401 463 1466 διελθεῖν
489 1393 601 1466 πολλὰ
627 1394 781 1483 σώματα,
814 1396 879 1479 ἕως
900 1393 943 1465 ἀν
965 1402 1164 1485 καταβληθῇ
1187 1392 1208 1484 ἦ
1229 1401 1353 1484 περσέα
1375 1401 1494 1484 ἐκείνη.
1537 1401 1566 1467 εἰ
1587 1403 1625 1469 de'

314 1523 366 1577 τις
389 1499 561 1582 οἰκοδομεῖ
585 1495 694 1583 ἑαυτῷ
722 1499 846 1577 οἰκίαν,
879 1492 1211 1583 διασπαραχθῆσεται
1242 1500 1287 1577 εἰς
1318 1495 1360 1566 τὰ
1383 1489 1447 1568 tra
1473 1495 1623 1587 σώματα.

263 1611 296 1663 10
314 1597 343 1664 ελ
364 1623 415 1675 τις
438 1591 582 1676 λούεται,
607 1599 652 1675 εἰς
677 1592 717 1664 τὸ
739 1587 831 1683 ὕδωρ
854 1593 918 1685 τὴν
941 1596 1063 1665 ἑαυτοῦ
1085 1593 1197 1685 ψυχὴν
1219 1593 1346 1684 πησσει.
1389 1602 1443 1664 καὶ
1466 1599 1496 1665 εἴ
1518 1624 1568 1678 τις
1583 1593 1660 1667 orit»

314 1699 431 1766 δίδωσι
455 1712 526 1774 τοῖς
549 1696 719 1776 ἐκλεκτοῖς
734 1690 840 1765 αὐτοῦ
855 1690 1031 1780 εὐσέβειαν,
1054 1692 1303 1784 κολασθήσεται
1325 1699 1371 1777 εἰς
1393 1693 1454 1777 τὰς
1477 1702 1622 1785 χεέννας,

313 1800 369 1863 καὶ
390 1800 710 1882 μετενσωματοῦται
732 1797 778 1876 εἰς
799 1800 1063 1883 κατηχουχιένων
1079 1793 1228 1883 σώματα,
1252 1795 1316 1878 ἕως
1332 1786 1372 1865 ού
1394 1801 1443 1885 δῷ
1460 1791 1624 1879 εὐσεβείας

313 1889 457 1974 πολλάς·
493 1900 549 1963 καὶ
572 1892 626 1963 διὰ
649 1899 769 1977 τοῦτο,
800 1898 831 1965 εἴ
851 1922 886 1963 τι
907 1893 1094 1965 κάλλιστον
1115 1899 1152 1965 ἐν
1173 1894 1334 1983 βρώμασι,
1356 1913 1430 1978 τοῖς
1451 1899 1623 1977 ἐκλεκτοῖς

313 1997 554 2081 προσφέρουσι.
596 1999 651 2062 καὶ
674 1985 759 2063 ὅταν
781 1999 950 2082 μέλλωσιν
971 1998 1097 2064 ἐσθίειν
1118 1992 1239 2080 ἀρτον,
1261 1991 1509 2083 προσεύχονται
1530 2001 1624 2082 πρῶ·
1642 2020 1661 2069 t

262 2110 295 2162 15
314 2120 390 2171 τον,
425 2085 519 2165 orizon
553 2100 711 2181 λέγοντες
740 2091 827 2181 πρὸς
854 2092 917 2164 τὸν
948 2092 1069 2180 ἄρτον,
1101 2085 1180 2165 ούτε
1212 2115 1246 2163 σε
1276 2092 1343 2181 ἐγώ
1378 2096 1512 2181 ἐθέρισα
1544 2087 1623 2166 ούτε

312 2252 431 2325 tantur3
443 2253 485 2312 vet
507 2250 563 2331 qui
584 2251 754 2313 manducat
774 2271 895 2331 panem,
917 2272 1044 2315 neeesse
1066 2254 1160 2314 estet
1177 2250 1282 2332 ipsum
1298 2249 1488 2329 manducari,
1509 2271 1623 2333 panem

313 2348 467 2412 effectum.
510 2347 572 2424 Qui
593 2347 744 2413 occiderit
769 2348 904 2432 pullum,
935 2355 967 2414 et
991 2349 1059 2433 ipse
1081 2349 1186 2433 pullus
1218 2349 1290 2426 erit3
1321 2349 1376 2433 qui
1398 2372 1532 2431 murem,
1553 2363 1661 2416 must

313 2447 408 2512 etiam
428 2446 496 2531 ipse
518 2446 584 2511 erit
628 2446 754 2531 Siquis
777 2471 850 2515 vero
873 2453 921 2513 cst
942 2448 1028 2514 dives
1052 2449 1086 2512 in
1107 2449 1169 2514 hoc
1193 2452 1325 2529 mundo,
1355 2470 1426 2514 cum
1453 2450 1564 2514 exierit
1585 2452 1623 2515 de

314 2568 445 2630 corpore
467 2568 536 2625 suo,
567 2568 694 2613 necesse
717 2552 764 2612 est
785 2571 858 2613 eum
878 2550 912 2613 in
933 2571 1047 2632 eorpus
1069 2550 1216 2632 pauperis
1242 2548 1330 2626 inici,
1356 2550 1401 2613 ita
1426 2554 1462 2613 ut
1484 2548 1624 2614 ambulet

120 2656 123 2661 ’
213 2733 214 2736 ¹
261 2654 295 2708 20
314 2652 345 2712 et
366 2647 525 2711 mendicet
554 2652 586 2711 et
615 2652 688 2730 post
720 2647 797 2714 haec
827 2653 877 2712 eat
905 2649 939 2713 in
967 2670 1085 2731 poenas
1111 2653 1262 2714 aeternas.
1305 2647 1383 2714 Onrn
1411 2667 1486 2732 ergo
1509 2661 1661 2733 corpus4

313 2747 374 2811 hoc
394 2746 573 2830 principum
595 2747 638 2813 sit
660 2752 690 2812 et
711 2747 868 2828 materiae,
890 2769 1017 2812 necesse
1039 2752 1087 2812 est
1108 2770 1182 2812 eum
1201 2749 1256 2832 qui
1270 2747 1460 2831 plantaverit
1480 2771 1624 2832 perseam

312 2847 445 2911 transire
467 2868 524 2930 per
545 2846 645 2911 multa
667 2868 805 2930 corpora
826 2868 992 2931 usquequo
1014 2868 1124 2930 persea
1144 2846 1202 2912 illa
1225 2868 1320 2931 quam
1341 2847 1536 2931 plantaverat
1550 2871 1624 2914 con-

312 2945 404 3010 cidat
445 2944 507 3021 Qui
527 2950 632 3010 autern
653 2946 866 3012 aedificaverit
887 2945 947 3011 sibi
970 2948 1109 3025 domum,
1132 2946 1330 3031 dispergetur
1351 2970 1407 3031 per
1429 2949 1535 3013 omnia
1556 2972 1623 3014 cor-

312 3067 397 3128 pora
440 3043 474 3109 Si
501 3045 572 3129 quis
592 3044 705 3110 laverit
726 3068 759 3110 se
780 3047 815 3110 in
837 3067 932 3130 aque,
962 3046 1100 3109 animam
1126 3067 1216 3110 suam
1241 3046 1397 3125 vulnerat3
1428 3052 1460 3112 et
1486 3049 1538 3133 qui
1561 3064 1661 3118 nont

260 3150 293 3204 2ο
311 3145 503 3229 praestiterit
524 3145 632 3211 electis
659 3147 726 3210 eius
752 3145 910 3223 alimenta,
932 3144 1041 3228 poenis
1063 3147 1215 3210 subdetur
1236 3147 1397 3231 gehennae
1420 3152 1451 3212 et
1471 3149 1624 3214 transfor-

311 3250 416 3310 matur
436 3245 469 3309 in
485 3247 782 3311 catechumenorum
798 3267 938 3328 corpora,
958 3266 1125 3329 usquequo
1140 3244 1237 3310 faciat
1250 3246 1479 3312 misericordias
1494 3246 1624 3315 multasz

312 3350 344 3410 et
364 3350 538 3429 propterea,
560 3346 587 3410 si
610 3346 687 3430 quid
709 3346 864 3428 optimum
885 3348 933 3410 est
962 3345 1109 3421 muscis,
1140 3343 1278 3410 offerunt
1307 3345 1386 3410 illud
1412 3345 1477 3413 illis
1500 3347 1624 3413 electis:

313 3452 344 3510 et
366 3467 439 3511 cum
453 3444 612 3510 voluerint
625 3447 814 3509 manducare
828 3465 951 3527 ponem,
974 3450 1065 3510 orant
1078 3444 1189 3528 primo,
1210 3445 1272 3510 ista
1286 3445 1425 3511 dieentes
1439 3449 1480 3510 ad
1494 3469 1624 3531 panem:
1642 3465 1661 3519 c

399 3595 481 3650 ίιοα
498 3595 556 3648 ιιι
573 3594 672 3663 appa

401 3712 440 3768 10
458 3713 549 3765 Boutta
565 3712 624 3766 aad
643 3712 738 3766 Oetler
755 3712 980 3781 interpuupieren
996 3713 1068 3766 ααιλι
1086 3706 1160 3784 ὕδωρ
1186 3713 1190 3780 Ι
1218 3714 1343 3782 &armai
1363 3718 1490 3767 remutet
1508 3714 1624 3782 πλιΙσσει

312 3797 356 3850 alr
381 3796 425 3850 die
450 3795 548 3850 Leaurt
573 3798 618 3850 cles
647 3784 818 3850 &terseaern
858 3799 862 3864 Ι
905 3799 941 3852 11
970 3795 1097 3867 γεέννας]
1123 3797 1256 3865 Diodori,
1285 3795 1386 3868 γενεάς
1411 3797 1442 3863 J,
1469 3798 1517 3865 νηί.
1537 3798 1625 3861 18,11

314 3882 317 3949 Ι
350 3880 388 3935 14
418 3875 514 3937 ἔσθιεν
539 3898 586 3933 am
612 3881 707 3935 Raude
732 3883 755 3935 J
780 3884 785 3948 Ι
818 3882 857 3936 lc
875 3882 1044 3936 manducant
1074 3882 1096 3935 0
1124 3884 1129 3948 Ι
1161 3885 1203 3936 est
1228 3892 1262 3941 <
1288 3880 1322 3934 M
1350 3884 1354 3949 Ι
1385 3882 1457 3936 nacla
1480 3884 1522 3936 est
1539 3889 1572 3947 -Ι
1594 3885 1626 3936 nt

318 3965 341 4019 0
360 3968 365 4034 Ι
391 3966 477 4033 loll?
492 3965 597 4035 ipsum.
611 3963 765 4035 ,effectnm]
782 3966 835 4037 ipsi
853 3965 1053 4020 manducentur
1064 3983 1134 4036 pauo
1146 3966 1236 4021 effecti
1250 3966 1281 4030 0;
1300 3966 1429 4019 nielleictt
1445 3967 1504 4020 eine
1512 3966 1625 4035 Doppel-

313 4050 421 4103 veruion
437 4050 482 4104 dea
495 4037 665 4104 tidericum
690 4052 693 4118 Ι
719 4051 755 4106 17
777 4051 825 4119 qni
839 4050 1078 4119 (nueteffectumll
1096 4050 1170 4119 qnod
1188 4052 1213 4103 A
1237 4052 1241 4119 Ι
1264 4051 1379 4120 murem]
1396 4067 1473 4106 mure
1490 4051 1515 4103 A
1547 4051 1552 4118 Ι
1587 4051 1624 4105 18

312 4134 385 4188 noct
398 4135 482 4190 etiam
501 4141 533 4197 -Ι-
552 4138 580 4189 et
597 4135 623 4188 A
646 4140 651 4200 Ι
675 4135 698 4189 si
718 4146 749 4192 <
769 4138 792 4189 A
818 4138 821 4201 Ι
847 4136 883 4190 21
905 4134 977 4203 eum]
995 4134 1069 4190 enim
1091 4136 1114 4191 0
1135 4137 1139 4203 Ι
1163 4134 1296 4205 perseam]
1313 4151 1362 4204 per
1378 4151 1407 4189 se
1424 4152 1485 4189 eam
1503 4137 1528 4188 A
1547 4152 1626 4205 persa

317 4221 341 4275 0
369 4222 374 4288 Ι
407 4220 445 4275 22
473 4237 571 4289 persea
591 4219 651 4288 illel
675 4237 725 4289 per
748 4238 776 4275 se
795 4239 812 4274 a
828 4219 879 4275 illa
895 4237 933 4273 αιι
958 4237 1007 4291 per
1023 4236 1052 4274 se
1070 4219 1104 4274 ad
1123 4219 1202 4273 illam
1219 4236 1287 4273 corr.
1310 4219 1347 4273 0²
1379 4221 1384 4286 Ι
1416 4236 1498 4287 qnam
1516 4220 1625 4289 planta·

313 4304 400 4374 verat]
418 4304 486 4372 sctit
503 4304 546 4358 bei
564 4304 739 4372 Epiphanius
771 4306 775 4373 Ι
809 4304 848 4359 it
867 4303 1078 4374 dispergitnrM
1107 4306 1112 4373 Ι
1144 4304 1183 4358 24
1202 4303 1356 4373 aquamM3
1374 4303 1504 4357 αιἀλλεωλιῖ
1519 4303 1568 4358 tal
1579 4304 1626 4355 der

320 4377 479 4442 doersum
495 4388 679 4443 buelutr'r'tliclr
696 4389 828 4443 ελλιενεεῖκῖ
853 4390 921 4443 oliae
938 4390 982 4442 dic
1004 4389 1194 4443 Cominietiun
1220 4405 1257 4441 κει
1281 4388 1375 4455 tressera
1406 4390 1410 4457 Ι
1437 4405 1493 4441 non
1510 4396 1543 4446 <
1561 4386 1595 4440 M
1620 4389 1624 4457 Ι

314 4473 354 4528 nt
382 4472 519 4527 elementa
536 4474 570 4541 A,
598 4471 743 4545 εὐσέβειαν
762 4474 939 4543 Epiphanius
971 4476 975 4541 Ι
1007 4473 1113 4545 poeuis]
1130 4490 1161 4529 ιο.
1179 4492 1199 4528 ε.
1218 4473 1272 4529 solz.
1291 4490 1342 4526 aua
1363 4472 1460 4542 paenis
1477 4488 1546 4526 corr.
1566 4472 1591 4523 ,t
1621 4473 1625 4539 Ι

313 4555 441 4611 subditur
458 4556 520 4609 AM
546 4559 551 4623 Ι
585 4558 624 4615 26
649 4560 929 4613 catecumenorumA
953 4557 1206 4613 cathecuminorum
1225 4558 1258 4611 M
1287 4559 1292 4625 Ι
1323 4557 1408 4611 facias
1430 4557 1454 4612 0
1482 4559 1487 4625 Ι
1522 4555 1626 4610 miseri·

314 4640 430 4710 cordius]
450 4638 594 4713 εὐσέβειας
611 4641 789 4710 Epiphanius
821 4645 825 4710 Ι
859 4642 895 4698 θλ
917 4643 968 4712 est]
984 4643 1050 4710 fehlt
1068 4642 1110 4694 bei
1127 4640 1306 4709 Epiphanius
1338 4643 1343 4709 Ι
1375 4640 1431 4695 illis
1445 4640 1519 4701 <0
1548 4642 1552 4708 Ι
1585 4638 1625 4695 ‘28

312 4726 402 4782 oratio
420 4725 626 4782 manicheorum
644 4743 724 4797 snper
741 4727 817 4781 cibos
835 4730 898 4795 (rot)
918 4727 951 4780 M
979 4728 983 4795 Ι
1017 4726 1052 4780 ad
1070 4743 1169 4796 panem
1187 4735 1220 4785 <
1238 4725 1273 4779 M
