3726 5568
631 515 703 569 Acte
720 514 849 569 Archelai
866 513 949 571 XLII.
967 514 1063 568 XLIII.
1465 526 1505 588 63

195 685 235 747 ad
255 682 432 766 perlectum
458 682 661 767 paracletum.
703 681 826 748 Videtis
849 683 932 748 enim
954 683 1030 768 quia
1054 683 1213 747 interdum
1234 685 1388 767 poenitet,
1409 687 1542 751 inter-t

196 785 270 849 dum
283 783 466 867 interrogat,
487 803 725 867 nonnumquam
740 786 931 866 deprecatur.
968 781 1031 847 Sed
1044 781 1197 866 scriptum
1216 787 1265 849 est
1284 784 1318 849 in
1340 786 1505 870 euangelio

196 882 359 949 salvatoris
379 882 480 949 nostri
502 884 577 967 quia
603 887 635 947 et
654 881 703 948 illi
725 882 781 967 qui
802 905 820 948 a
842 883 976 948 sinistris
998 884 1082 966 regis
1108 884 1265 949 adsistunt
1291 885 1408 951 dicant:
1442 892 1505 951 Do-

195 988 284 1061 mine,
305 987 425 1065 quamdo
447 993 473 1046 te
492 986 626 1047 vidimus
646 988 822 1047 muranum
847 999 899 1048 act
920 987 1070 1047 sitientem
1090 995 1144 1047 eut
1163 990 1285 1050 nudum
1305 997 1360 1051 cat
1373 992 1504 1069 peregri

162 1089 270 1147 dcam
297 1093 351 1147 cat
378 1087 413 1147 in
439 1105 549 1147 carcere
579 1093 604 1146 et
635 1106 699 1147 coa
718 1087 960 1148 ministravimus
981 1087 1056 1167 titi?
1091 1088 1239 1167 rogantes
1261 1089 1297 1150 nt
1317 1085 1377 1150 sibi
1398 1086 1503 1151 indul·

196 1187 296 1266 geret;
317 1184 372 1248 sed
394 1181 472 1265 quid
492 1181 557 1246 illis
579 1182 742 1266 respondit
761 1205 817 1246 rex
831 1182 933 1248 iustus
947 1184 1061 1250 iudex?
1083 1189 1230 1249 Dmeedite
1251 1208 1270 1248 a
1290 1209 1337 1249 me
1357 1191 1506 1268 iniquam
1526 1193 1566 1248 10

195 1293 356 1362 mamam,
377 1287 507 1364 operarii
525 1287 707 1365 iniquitatis.
751 1281 878 1347 AbiecIt
900 1305 952 1349 eos
974 1285 1008 1348 in
1029 1288 1192 1349 aeternum
1212 1286 1332 1370 ignem,
1359 1309 1432 1352 cum
1458 1286 1507 1352 illi
1612 1287 1614 1296 '

196 1402 308 1468 rogare
338 1406 403 1449 non
433 1387 563 1448 cessent
616 1380 755 1447 Videsne
786 1383 862 1467 quid
889 1384 932 1448 sit
960 1383 1091 1467 perfecti
1119 1385 1203 1468 regis
1234 1388 1407 1453 adventus?
1442 1411 1506 1453 non

197 1483 292 1548 talem
315 1483 441 1567 qualem
462 1486 497 1547 tu
519 1483 637 1548 adseris
659 1482 893 1566 perfectionem.
930 1482 1021 1559 Quod
1040 1484 1068 1549 si
1089 1489 1163 1569 post
1184 1484 1280 1550 istum
1295 1490 1505 1570 expectandus

147 1589 179 1644 10
196 1587 244 1647 est
265 1602 399 1665 magnus
420 1581 528 1647 iudicii
550 1582 626 1661 dies,
645 1581 747 1646 multo
767 1582 877 1665 utique
899 1584 952 1648 hic
972 1583 1028 1649 illo
1049 1584 1180 1650 inferior
1202 1589 1256 1651 est
1297 1585 1389 1662 Quod
1410 1586 1438 1652 si
1457 1588 1506 1651 in·

197 1681 293 1747 serior
314 1681 381 1761 erit,
403 1681 561 1764 perfectus
583 1704 646 1747 non
669 1683 736 1746 erit
780 1681 814 1746 Si
835 1682 993 1766 persuetus
1014 1703 1079 1747 non
1101 1684 1171 1760 erit,
1190 1705 1255 1749 non
1277 1688 1315 1751 de
1337 1686 1407 1771 ipso
1429 1687 1561 1753 dicitu

196 1780 367 1865 apostolus.
403 1780 494 1857 Quod
515 1781 542 1848 si
564 1802 627 1845 non
649 1784 688 1846 de
709 1782 779 1865 ipso
803 1781 879 1846 dicit
893 1781 1063 1864 apostolus,
1085 1785 1145 1847 iste
1160 1788 1265 1848 autem
1286 1788 1324 1849 de
1340 1787 1508 1852 aedictum

197 1903 264 1947 esse
285 1881 446 1961 mentitur,
465 1883 741 1965 pseudopropheta
761 1882 872 1966 utique
893 1882 1081 1947 iudicandus
1103 1886 1159 1948 est.
1195 1882 1256 1947 Sed
1278 1889 1310 1948 et
1330 1886 1431 1951 multa
1445 1887 1507 1950 alia

196 1981 310 2046 horum
332 1980 449 2046 similia
471 1981 534 2045 dici
554 1985 701 2064 possunt,
732 2004 812 2065 quae
842 1981 869 2046 si
900 1982 1006 2046 omnia
1035 1983 1182 2066 persequi
1208 1982 1354 2063 velimus,
1383 1985 1505 2051 nullum

147 2089 179 2144 15
197 2080 288 2147 nobis
318 2085 444 2163 tempus
474 2082 513 2143 ad
540 2080 646 2145 omnia
672 2080 827 2165 explenda
848 2079 993 2147 sufficiet
1036 2080 1128 2147 Unde
1149 2082 1308 2147 abundare
1330 2084 1506 2150 existimavi

198 2184 236 2245 de
257 2180 366 2246 multis
388 2202 490 2264 pauca
511 2181 639 2260 dixisse,
667 2180 804 2265 reliquas
830 2184 935 2265 partes
960 2184 1112 2246 tractatus
1135 2182 1227 2247 huius
1248 2181 1372 2266 plenius
1393 2185 1506 2268 exequi

197 2279 376 2352 volentibus
399 2279 627 2364 derelinquens.

279 2377 381 2444 XLIII
402 2378 568 2463 (XXXIX).
611 2379 671 2445 His
702 2382 818 2445 auditis
849 2383 1003 2446 dederunt
1032 2380 1166 2465 gloriam
1190 2385 1248 2447 deo
1279 2383 1454 2448 inmensam
1475 2388 1508 2448 ct

199 2482 269 2563 ipso
291 2480 434 2563 dignam3
456 2479 649 2546 Archelaum
671 2503 744 2546 vero
766 2480 875 2546 multis
896 2481 1070 2547 honoribus
1092 2482 1282 2547 adfecerunt.
1319 2481 1408 2548 Tunc
1422 2483 1505 2548 Mar·

149 2591 183 2647 20
201 2578 306 2655 celius,
329 2582 502 2663 adsurgens
525 2583 557 2644 et
578 2580 660 2645 stola
682 2603 716 2646 se
731 2603 855 2658 exuens,
878 2582 1052 2646 circumdat
1066 2582 1256 2646 Archelaum
1271 2585 1366 2667 atque
1388 2582 1504 2648 osculis

200 2701 272 2744 eum
293 2678 415 2745 defixus
436 2679 639 2763 amplectitur
661 2684 693 2744 et
712 2681 862 2745 inhaeret
898 2678 988 2745 Tunc
1001 2703 1076 2746 vero
1098 2682 1243 2759 infantes,
1265 2683 1320 2764 qui
1336 2683 1417 2746 forte
1433 2703 1507 2747 con-

198 2782 350 2844 venerant
371 2780 473 2862 primi,
496 2778 622 2843 Manem
644 2778 761 2863 pellere
783 2801 820 2843 ec
841 2778 952 2863 fugare
974 2785 1152 2863 coeperunt,
1175 2802 1254 2864 quos
1277 2782 1369 2847 turba
1383 2781 1507 2867 reliqua

199 2880 342 2944 insecuta
373 2879 543 2944 concitavit
573 2902 607 2944 se
633 2881 673 2943 ad
703 2878 906 2962 effugandum
929 2879 1053 2946 Manen.
1096 2879 1188 2956 Quod
1218 2901 1290 2945 cum
1320 2883 1545 2964 pervidissett

199 2978 383 3059 Archelaus,
406 2978 527 3043 elevata
547 2979 582 3043 in
603 2979 733 3044 modum
753 2979 849 3043 tubae
870 3000 948 3043 voce
969 3002 1034 3059 sua,
1055 2979 1289 3044 multitudinem
1311 2982 1440 3063 cupiens
1456 3003 1507 3046 co-

149 3087 183 3142 25
199 3079 308 3144 hibere
329 3080 388 3145 ait:
414 3077 550 3158 Cessate,
572 3078 684 3143 fratres
706 3078 823 3159 dilecti,
844 3101 883 3142 ne
906 3078 987 3143 forte
1008 3081 1054 3144 rei
1076 3081 1238 3163 sanguinis
1256 3081 1455 3144 inveniamur
1475 3081 1509 3144 in

200 3179 251 3242 die
275 3179 401 3260 iudicii3
424 3179 578 3261 scriptum
600 3182 648 3243 est
670 3179 753 3243 enim
775 3178 951 3243 dotalibus
974 3180 1049 3262 quia
1067 3190 1178 3260 eportet
1190 3191 1218 3243 et
1229 3185 1343 3244 herecee
1356 3203 1418 3243 eece
1431 3185 1509 3244 inter

199 3300 260 3358 cos,
280 3289 317 3343 ut
335 3283 391 3361 qui
413 3283 534 3360 probini
557 3289 631 3343 eunt
657 3283 812 3359 manifesti
835 3284 914 3359 fiunt
933 3284 1012 3342 inter
1031 3302 1090 3342 vos.
1133 3277 1176 3342 Et
1197 3280 1245 3342 his
1267 3279 1361 3343 dictis
1383 3280 1509 3343 sedatae

201 3380 274 3442 sunt
295 3378 416 3444 turbae.
458 3377 615 3455 Quoniam
635 3400 711 3443 vero
733 3377 853 3461 placuit
874 3377 1023 3442 Marcello
1046 3380 1290 3463 disputationem
1310 3378 1392 3442 hanc
1407 3377 1510 3460 excipi
1530 3386 1549 3440 t

204 3480 299 3559 atque
320 3477 465 3558 describi,
487 3478 701 3543 contradicere
722 3500 786 3543 non
801 3480 899 3561 potui,
920 3476 1057 3542 confisus
1073 3481 1111 3542 de
1127 3478 1320 3561 benignitate
1335 3476 1508 3560 legentium

154 3582 187 3638 30
203 3579 290 3660 qnod
310 3578 437 3642 veniam
468 3577 600 3656 dabunt,
631 3579 757 3661 siquid
786 3579 957 3663 inperitum
989 3581 1044 3641 aut
1073 3579 1226 3643 rusticum
1247 3578 1374 3641 sonabit
1395 3578 1510 3651 cratim

204 3676 264 3742 hoc
285 3678 369 3741 enim
391 3680 514 3743 tantum
537 3679 692 3763 estquod
714 3680 888 3758 studemus,
914 3680 951 3741 ut
971 3676 1019 3742 rei
1043 3682 1150 3761 gestae
1173 3678 1312 3762 cognitio
1335 3677 1512 3741 studiosum

291 3875 310 3931 2
329 3875 429 3931 Mattb.
447 3877 490 3943 25,
506 3880 541 3931 44
558 3906 590 3917 -
610 3878 629 3931 c
648 3876 716 3930 Lulx.
736 3876 776 3942 13,
794 3878 835 3933 27.
871 3875 969 3930 Matth.
988 3877 1029 3943 25,
1046 3878 1077 3931 41
1099 3905 1131 3916 -
1149 3875 1189 3930 26
1207 3876 1219 3927 Ι
1237 3875 1302 3930 Kor.
1320 3878 1361 3941 11,
1380 3877 1413 3930 19

293 4043 350 4099 ΟΜ

290 4197 308 4252 2
335 4194 552 4265 nonnumquam]
571 4193 710 4249 interdum
728 4193 762 4248 Μ
790 4194 794 4262 Ι
828 4195 847 4251 8
874 4194 940 4263 quia
956 4195 986 4248 et
1002 4193 1047 4247 illi
1063 4192 1134 4247 met
1152 4191 1248 4246 dicant
1261 4191 1445 4260 peeehrr'ehen,
1467 4193 1517 4246 der
1644 4261 1648 4269 ἱ

204 4280 340 4343 mettioeo
358 4279 437 4333 Steile
458 4279 544 4334 duret
561 4279 677 4334 baem
693 4278 859 4348 cupewieeen
876 4277 911 4332 Μ
929 4278 933 4346 Ι
957 4278 975 4334 b
994 4294 1131 4333 carcerem
1152 4276 1175 4333 0
1196 4277 1201 4345 Ι
1225 4278 1244 4327 c
1262 4276 1349 4329 inatus
1367 4276 1450 4331 index
1465 4293 1513 4331 rex

209 4364 311 4421 θωνα
326 4364 365 4420 0²
387 4365 391 4432 1
416 4366 462 4433 til
483 4364 601 4436 operarii
618 4364 775 4434 iniqnitatis
792 4364 822 4418 in
839 4364 932 4434 ignem
950 4366 1074 4417 eternum
1092 4361 1127 4414 M
1140 4378 1207 4414 cor-r.
1226 4360 1261 4413 M
1263 4363 1274 4398 ²
1296 4366 1300 4419 Ι
1325 4363 1344 4415 e
1362 4362 1460 4415 asseris
1472 4364 1513 4428 (as

205 4464 230 4504 a.
248 4450 373 4517 Recto
401 4451 406 4516 Ι
440 4450 476 4505 ll
495 4449 568 4503 nach
585 4448 620 4503 de
638 4457 670 4512 ψ
688 4448 788 4514 illoM,
806 4448 999 4519 epdteryctilot
1031 4450 1035 4515 Ι
1071 4448 1107 4501 la
1126 4445 1269 4499 archelaus
1289 4445 1338 4511 01
1363 4447 1403 4500 20
1420 4446 1515 4500 adsur-

206 4535 312 4607 gentO
340 4536 345 4604 Ι
378 4535 451 4589 stola
467 4551 496 4589 ee
514 4534 624 4602 exuens]
644 4534 729 4588 stolas
746 4550 848 4588 exuens
868 4533 891 4589 0
911 4536 916 4601 Ι
941 4533 978 4588 22
996 4532 1033 4585 im
1052 4548 1160 4585 manem
1176 4531 1205 4591 Ο,
1223 4531 1261 4583 im
1278 4529 1404 4583 rweimat
1420 4529 1515 4583 durch·

206 4618 327 4674 strichen
359 4620 363 4688 Ι
396 4618 436 4674 28
455 4618 607 4688 fugandum
625 4618 659 4672 Μ
687 4620 692 4685 Ι
725 4619 765 4673 24
782 4635 879 4673 uocem
897 4635 975 4671 enam
996 4617 1020 4672 0
1040 4619 1045 4681 Ι
1069 4617 1109 4671 2ss
1132 4617 1161 4669 et
1178 4625 1210 4674 <
1229 4614 1263 4668 M
1286 4616 1290 4681 Ι
1317 4615 1407 4680 asses
1425 4612 1514 4683 excipi

207 4703 300 4773 atque]
319 4703 440 4773 excipiet
457 4720 528 4773 qnae
548 4704 572 4759 0
593 4705 598 4773 Ι
623 4705 662 4759 20
681 4704 785 4757 dabant
806 4704 829 4758 0
850 4707 855 4769 Ι
878 4702 902 4755 si
920 4701 996 4771 quid]
1014 4700 1146 4754 ce'etleictt
1162 4716 1187 4753 a.
1207 4699 1272 4752 lica.
1294 4699 1317 4754 0
1337 4709 1342 4765 1
1365 4697 1475 4752 sanauit
1495 4696 1520 4753 0
