3726 5568
609 524 680 577 Acte
697 521 825 578 Archelai
842 523 993 579 xxxvlll.
1010 522 1134 578 xxxix.
1489 531 1529 591 57

221 718 296 778 quae
316 700 351 758 iu
376 699 496 760 Obmeto
519 703 569 756 cet.
613 695 650 757 Si
678 699 759 757 enim
788 698 818 757 ie
847 698 901 776 qui
929 700 1008 758 venit
1036 698 1133 757 atium
1153 697 1254 757 lecum
1272 697 1530 775 praedicatonem

221 818 285 860 non
298 798 549 876 praedicavimus,
571 803 625 856 aut
646 798 788 874 spiritum
808 799 905 858 alimn
925 799 1091 875 aecepuitie
1113 815 1200 874 quem
1220 815 1284 856 non
1297 797 1457 875 accepistis,
1478 804 1533 858 out

222 899 307 960 aliud
326 897 515 975 euanpelimn
541 897 617 974 quod
645 916 708 957 non
737 898 901 974 acceptetis,
931 899 1000 958 benc
1025 898 1212 975 pateremini.
1254 898 1333 958 Puto
1354 899 1436 958 enim
1457 899 1529 975 quio

223 997 302 1060 nibil
320 999 425 1058 minue
445 998 503 1072 sui
521 997 604 1057 vobis
621 1016 641 1056 a
660 998 761 1057 ceteris
781 997 931 1075 apostatis.

188 1104 204 1157 5
304 1092 436 1159 XXXIX
460 1091 613 1175 (XXXV).
648 1092 736 1156 Haec
757 1096 863 1157 eutem
884 1092 972 1171 dixit,
994 1096 1162 1159 ostendens
1184 1116 1292 1159 amnes
1314 1094 1452 1179 reliquos
1474 1097 1531 1179 qui

222 1196 363 1262 venerint
384 1192 481 1258 falsos
502 1192 671 1275 apostolos,
693 1191 819 1257 dolosos
841 1192 1012 1274 operarios,
1039 1194 1299 1278 transfigurantes
1328 1218 1362 1261 se
1391 1197 1425 1260 in
1456 1214 1530 1279 epo·

221 1296 320 1363 stolas
347 1293 472 1361 Christi.
514 1299 555 1357 Et
578 1315 641 1357 non
665 1298 789 1370 miuron,
824 1296 887 1372 epae
907 1296 989 1355 enim
1012 1297 1142 1358 Soterem
1172 1300 1369 1377 tronefipurat
1397 1321 1428 1360 ee
1455 1303 1531 1360 udnt

221 1400 360 1476 eupolum
382 1398 466 1457 lucre.
512 1396 593 1466 Quid
618 1414 684 1473 erpo
705 1415 859 1472 mapulam,
880 1396 909 1454 oi
933 1401 960 1455 et
980 1396 1118 1457 ministri
1137 1400 1203 1458 eius
1224 1401 1477 1477 trausfipurentur
1496 1402 1531 1459 in

221 1499 378 1560 mimetrae
407 1497 561 1557 iustitiae?
596 1515 728 1574 quorum
756 1496 831 1572 finis
862 1497 918 1555 erit
946 1497 1109 1556 seeundum
1139 1516 1227 1576 opera
1252 1519 1365 1560 eorum.
1408 1495 1531 1561 Indicae

171 1604 205 1659 10
222 1598 327 1658 autem
349 1591 458 1676 quales
485 1596 590 1656 essent
615 1591 637 1654 ii
659 1614 679 1655 s
699 1590 814 1675 quibus
837 1590 1172 1658 eircumveniebentur.
1215 1594 1403 1660 Veientibus
1425 1599 1567 1661 sutemt

224 1691 344 1756 (teletis
366 1694 405 1756 ab
428 1690 593 1775 euangelio
615 1689 778 1755 transferri
809 1689 898 1754 dicit:
927 1696 1025 1756 Miror
1049 1697 1125 1773 quad
1148 1698 1192 1756 sie
1217 1703 1278 1758 tam
1298 1700 1354 1759 otto
1377 1700 1531 1775 manuscri-

221 1798 302 1857 mim'
321 1796 357 1855 ab
379 1813 412 1858 eo
434 1795 489 1871 qui
507 1796 620 1855 uocauit
638 1815 692 1855 coe
712 1796 746 1855 in
767 1795 852 1854 eliud
871 1796 1073 1871 manupellum,
1096 1798 1175 1873 quod
1194 1817 1258 1857 non
1278 1804 1321 1859 eu
1341 1799 1442 1869 atired;
1467 1801 1532 1859 mei

221 1903 295 1955 sunt
314 1897 369 1974 qui
387 1915 440 1956 uos
460 1895 636 1955 conturbant
661 1900 686 1955 et
707 1896 812 1955 colunt
839 1900 964 1954 avuure
992 1914 1042 1953 cos
1066 1896 1103 1955 ab
1128 1898 1280 1973 euanqelio
1306 1899 1428 1959 Christi.
1473 1898 1531 1959 Sed

221 1996 311 2055 ettam
339 1996 368 2055 ei
395 2014 452 2055 nos
482 1996 542 2073 ipsi
571 2001 624 2054 out
653 1995 776 2071 unpdue
805 1994 839 2053 de
864 1994 941 2054 eaelo
966 1995 1049 2054 nobie
1074 1995 1297 2058 adnuntiaverit
1321 2005 1530 2076 praeterquam

171 2102 204 2155 15
221 2096 302 2173 quod
316 2096 460 2156 traditum
476 2101 519 2155 est
530 2095 621 2168 cobis,
644 2095 802 2154 onatbmna
816 2094 862 2152 sit
896 2087 940 2154 Et
953 2111 1078 2154 rursum
1098 2091 1154 2156 ait:
1176 2096 1255 2157 Mitti
1268 2097 1376 2173 infimo
1391 2099 1530 2157 omnium
1547 2101 1566 2156 8

221 2195 423 2272 apoetolorum
443 2195 511 2254 data
533 2201 576 2254 est
594 2194 692 2270 pratia
713 2194 791 2253 baec.
832 2194 913 2263 (tuae
934 2195 1016 2255 enim
1036 2195 1154 2255 deerant
1172 2196 1401 2257 tribulationum
1418 2197 1531 2258 obniti

221 2297 257 2355 in
277 2312 363 2354 came
383 2313 450 2354 mea
470 2294 614 2370 adinpleo.
658 2288 701 2353 Et
727 2288 761 2352 in
792 2288 854 2354 elio
880 2311 1004 2354 rursum
1027 2289 1097 2355 loeo
1127 2291 1306 2374 profitetur,
1338 2293 1412 2376 quie
1441 2298 1531 2374 super

221 2401 326 2456 ceterae
350 2394 463 2455 Oti-isti
486 2394 625 2454 miranter
649 2394 703 2468 sit,
733 2393 896 2473 tamquam
926 2391 954 2454 ei
983 2395 1095 2472 pastea
1125 2390 1254 2455 omnino
1284 2415 1348 2458 non
1379 2393 1420 2457 sit
1450 2393 1530 2458 alius

214 2493 445 2575 ,expectandum
466 2489 555 2555 iubet
576 2490 659 2555 enim
681 2511 784 2573 neque
805 2489 956 2573 angelum
978 2493 1016 2554 de
1038 2490 1125 2555 eaelo
1147 2490 1274 2574 suscipi.
1309 2492 1352 2557 Et
1371 2496 1568 2577 quomodot

171 2602 205 2656 20
222 2595 261 2656 de
282 2590 413 2656 Perside
433 2591 610 2656 venientem
632 2591 747 2656 Manen
773 2594 805 2653 et
831 2589 986 2654 dicentem
1011 2611 1045 2653 se
1071 2611 1139 2655 esse
1159 2590 1352 2673 paracletum
1379 2613 1437 2657 nos
1463 2612 1531 2656 esse

223 2694 404 2756 credemus?
439 2690 489 2756 lte
510 2692 594 2755 enim
616 2709 754 2774 agnosco
781 2711 819 2753 ex
845 2689 919 2766 hoc,
950 2691 1033 2773 quod
1064 2711 1145 2753 nnus
1177 2690 1237 2754 iste
1267 2691 1309 2754 sit
1331 2713 1368 2755 ex
1389 2690 1453 2755 illis
1475 2693 1531 2775 qui

222 2792 499 2871 transformentur,
521 2793 561 2855 de
583 2790 698 2874 quibus
719 2789 885 2853 manifeste
906 2789 1059 2853 indicavit
1079 2788 1171 2854 nobis
1193 2811 1248 2854 ves
1270 2789 1433 2856 electionis
1456 2813 1530 2875 epo-

221 2891 322 2956 stolus
344 2889 463 2956 Paulus
484 2890 604 2956 dicens:
639 2893 718 2964 Quia
742 2894 778 2953 in
802 2893 979 2953 nomaeimie
1010 2893 1187 2969 tenporibus
1212 2894 1342 2954 recedent
1368 2896 1492 2972 quidam
1511 2907 1565 2963 et

221 2995 289 3072 fide,
310 2995 495 3055 adtendentes
516 2994 672 3071 spiritibus
692 2993 893 3053 snectutem
913 3000 940 3053 et
960 2993 1103 3053 eurum
1124 2993 1362 3068 daemoniorum,
1383 2996 1418 3055 in
1439 2997 1529 3073 bypa-

171 3098 205 3153 25
221 3095 295 3154 crisi
313 3094 467 3155 nundaeia
488 3094 649 3170 loquentes,
679 3094 871 3153 cauteriatam
900 3093 1036 3153 babentes
1060 3094 1282 3168 conscientiam,
1307 3095 1531 3171 prohibentium

222 3195 342 3267 nubere,
371 3194 516 3254 abstinere
536 3213 567 3253 se
587 3213 606 3252 a
627 3193 714 3267 erbis,
745 3211 820 3268 quoe
846 3193 918 3252 deus
938 3192 1047 3252 creavit
1070 3193 1109 3252 ed
1127 3193 1353 3269 percipiendum
1372 3213 1443 3254 oum
1461 3213 1531 3270 pra-

223 3295 335 3353 tiarum
355 3295 469 3354 aeliane
488 3293 625 3369 fidelibus
654 3299 681 3352 et
705 3293 754 3352 bie
776 3293 830 3370 qui
849 3298 1048 3368 copnouemnt
1066 3293 1230 3367 venustem·
1259 3294 1404 3371 quoniam
1433 3298 1532 3354 omme

222 3400 357 3454 creatura
377 3395 424 3453 dei
444 3393 520 3453 bane
541 3399 584 3451 eet
603 3398 631 3451 et
650 3392 730 3452 nibil
749 3392 935 3452 abiciendum
956 3392 1035 3467 quod
1055 3410 1122 3451 mun
1142 3393 1311 3468 pretiorum
1332 3394 1445 3453 octone
1462 3412 1530 3471 pcr-

222 3495 340 3571 cipitur.
375 3489 484 3554 Sedet
504 3491 632 3552 sanctus
647 3486 842 3571 euangelista
858 3487 1003 3552 Metheus
1025 3488 1192 3571 diligenter
1206 3486 1397 3571 significavit
1411 3488 1531 3554 domini
1548 3497 1567 3549 a

172 3595 207 3649 30
223 3590 323 3655 nostri
344 3589 415 3654 Iesu
438 3586 556 3652 Christi
576 3608 766 3652 sermonem:
804 3592 901 3651 Videte
929 3610 966 3651 ne
995 3593 1066 3669 ques
1095 3609 1148 3651 voe
1177 3591 1306 3665 seducat3
1336 3594 1426 3652 multi
1450 3595 1531 3654 enim

310 3790 324 3844 7
344 3788 370 3841 11
388 3788 453 3842 Kar.
471 3791 512 3854 11,
531 3790 570 3842 14.
590 3789 622 3842 15
642 3816 673 3824 -
693 3785 730 3841 11
750 3785 810 3841 Gal.
830 3790 853 3854 1,
870 3786 983 3841 6-8-
1004 3787 1041 3842 15
1060 3786 1158 3856 Ephes.
1176 3789 1200 3849 3,
1218 3788 1243 3842 8.
1265 3786 1327 3843 Kal.
1347 3791 1370 3854 1,
1388 3790 1422 3842 ⁴24
1440 3819 1472 3827 -
1492 3789 1528 3843 17

223 3874 248 3925 ll
267 3873 330 3929 Kor.
350 3876 390 3940 11,
408 3876 442 3929 ‘23
460 3903 492 3913 -
512 3873 552 3929 28
570 3872 581 3925 Ι
600 3871 668 3926 Tim.
686 3875 711 3939 4,
731 3876 797 3926 1-4
815 3902 848 3910 -
867 3873 907 3927 80
925 3872 1024 3927 naeth.
1043 3873 1085 3935 24,
1102 3875 1127 3925 4.
1146 3875 1162 3927 5

311 4040 365 4095 ΟΜ

309 4210 324 4264 1
344 4206 551 4277 initiantem
571 4209 576 4276 1
598 4209 643 4275 in
654 4208 796 4279 praedieut
807 4225 889 4278 quem
901 4226 957 4261 non
967 4208 1036 4266 <0
1053 4208 1056 4272 t
1082 4208 1099 4261 2
1118 4205 1243 4277 spiritum
1256 4205 1341 4260 elium
1360 4206 1529 4277 acceperitis]

224 4292 309 4347 elium
327 4292 453 4363 spiritum
471 4291 593 4363 accipitis
611 4295 645 4348 M
665 4295 669 4361 Ι
698 4294 821 4349 balium
842 4293 866 4347 0
886 4293 890 4361 Ι
913 4290 1057 4362 accepistis
1074 4291 1156 4360 bene]
1174 4290 1315 4360 recepistis
1333 4293 1407 4346 reete
1424 4292 1459 4347 Μ
1478 4292 1483 4357 Ι
1512 4294 1530 4348 8

223 4379 364 4449 magnum]
384 4376 483 4431 mirum
501 4378 536 4433 Μ
564 4379 568 4447 Ι
601 4378 788 4448 tministros]
807 4378 928 4434 ministri
950 4377 1004 4432 OM
1033 4378 1038 4444 1
1070 4376 1313 4446 earumipsarum
1330 4376 1363 4430 Μ
1384 4378 1389 4443 Ι
1416 4377 1454 4432 10
1471 4376 1529 4447 iia]

223 4461 264 4517 ite
283 4463 362 4518 Ohii
379 4480 397 4518 n
414 4462 447 4516 Μ
476 4462 482 4531 Ι
513 4463 615 4531 eutem]
635 4463 708 4518 enim
726 4463 760 4516 M
789 4466 793 4530 1
827 4465 863 4519 11
892 4462 1013 4534 gelethis
1034 4462 1090 4516 OM
1118 4462 1122 4525 1
1155 4460 1369 4516 mensionemini
1402 4462 1426 4516 0
1454 4463 1458 4530 1
1492 4464 1530 4518 lb

223 4546 317 4606 decret
336 4548 392 4603 OM
420 4550 425 4615 Ι
458 4548 495 4603 lt
525 4548 641 4616 rursum]
668 4548 901 4602 ruma.Rae.O
930 4550 935 4615 Ι
969 4548 1007 4603 18
1034 4546 1071 4601 sit
1096 4546 1175 4615 (nacti
1195 4544 1426 4612 miniatert<0
1453 4549 1458 4615 1
1491 4548 1531 4603 20

222 4648 321 4687 menen
339 4633 377 4701 et]
397 4631 535 4688 monetO
563 4634 568 4701 Ι
601 4633 637 4689 21
657 4633 707 4701 ita]
727 4633 783 4686 iem
802 4633 836 4687 M
855 4635 860 4698 Ι
884 4634 923 4688 22
941 4631 1076 4687 indicarit
1094 4632 1172 4686 nobie
1189 4651 1225 4680 ω
1247 4631 1294 4699 Ol
1319 4632 1358 4686 26
1377 4631 1457 4701 quos]
1476 4649 1530 4701 qua

227 4716 274 4785 01
300 4716 513 4788 percipiendum]
533 4716 724 4787 perficiendum
747 4717 771 4773 0
800 4720 804 4785 l
836 4717 874 4772 29
893 4717 1011 4785 sanctus]
1031 4715 1140 4787 spiritns
1162 4717 1185 4771 C
