3768 5566
727 538 799 591 Aeto
815 535 945 592 Arehelai
961 537 1022 593 llll.
1040 537 1113 592 xnl.
1530 545 1568 606 21

260 703 437 780 Μωῦσέως
458 693 655 787 λαλήσαντα
676 705 732 770 καὶ
754 703 828 792 τῶν
848 707 1054 790 προφητῶν,
1075 695 1147 789 μετ’
1170 696 1278 773 αὐτοῦ
1292 702 1402 790 έχουσι
1417 704 1570 789 δεθῆναι,

260 790 315 869 ότι
336 794 399 870 οὐκ
420 794 568 888 ἤλπισαν
588 802 643 869 έπί
665 796 836 870 τὸνθεόν
862 806 924 891 τῆς
946 797 1121 890 ἀληθείας·
1155 805 1283 884 ἐκεῖνος
1310 800 1372 889 γὰρ
1398 799 1487 871 κατὰ
1508 798 1570 883 τὰς

259 901 439 986 ἐπιθυμίας
461 893 578 969 αὐτῶν
600 894 739 987 ίλάλησε
760 895 832 987 μετ’
855 897 980 972 αὐτῶν.

339 1001 426 1070 XIII.
447 996 544 1069 Μετὰ
559 1002 594 1069 δὲ
608 995 723 1070 πάντα
746 1005 855 1071 ταῦτα
877 1004 931 1072 ἐπὶ
954 1005 1044 1072 τέλει
1060 1006 1147 1090 λέγει
1161 1001 1282 1084 καθῶς
1296 996 1400 1081 αὐτὸς
1423 1003 1568 1089 ἔγραψεν

222 1093 502 1187 οόπρεσβότης·
533 1091 619 1169 όταν
648 1095 810 1189 προφάνη
841 1095 947 1170 αάτοῦ
973 1099 1038 1189 τὴν
1066 1096 1195 1194 τίν-ῶνα,
1226 1096 1308 1171 τότε
1338 1094 1570 1189 όὩμοφόρος

257 1193 397 1286 ἀφίησιν
418 1201 482 1285 ἔξω
505 1197 572 1287 τὴν
596 1204 674 1288 γῆν,
705 1204 760 1268 καὶ
786 1190 899 1282 οὕτως
925 1194 1111 1271 ἀπολύεται
1132 1197 1174 1271 τό
1195 1205 1279 1290 μέγα
1299 1205 1368 1287 πῦρ
1398 1204 1455 1271 καί
1485 1191 1570 1271 ὅλον

257 1291 431 1370 ἀναλίσκει
452 1296 517 1371 τὸν
537 1294 678 1390 κόσμον·
715 1299 788 1369 εἶτα
813 1294 919 1371 πόλιν
941 1294 1059 1390 ἀφίησι
1080 1297 1144 1371 τὸν
1165 1306 1281 1386 βῶλον
1302 1299 1387 1389 μετὰ
1409 1304 1472 1372 τοῦ
1492 1305 1570 1370 νέου

256 1401 395 1481 αἰῶνος,
433 1389 529 1482 ὅπως
558 1404 663 1470 πᾶσαι
695 1401 728 1468 αί
760 1405 863 1486 ψυχαὶ
893 1406 966 1471 τῶν
996 1395 1214 1489 ἁμαρτωλῶν
1244 1404 1393 1472 δοθῶσιν
1423 1403 1470 1482 εἰς
1506 1398 1570 1471 τόν

256 1502 373 1568 αἰῶνα.
417 1492 497 1569 τότε
520 1503 555 1568 δὲ
577 1504 685 1569 ταῦτα
705 1496 895 1588 γενήσεται,
919 1492 1006 1571 όταν
1026 1493 1045 1570 ό
1068 1494 1209 1586 ἀνδριὰς
1231 1502 1325 1587 ἔλθη.
1369 1503 1403 1570 al
1430 1504 1465 1569 δὲ
1486 1526 1568 1586 προ·
1586 1511 1605 1567 2

203 1615 239 1670 10
254 1604 352 1684 βολαὶ
373 1602 488 1677 πᾶσαι,
512 1592 531 1668 ό
553 1592 676 1686 Ἰησοῦς
697 1593 717 1668 ό
738 1602 777 1670 έν
799 1605 850 1688 τῷ
871 1605 980 1689 μικρῷ
1002 1605 1125 1687 πλοίῳ,
1147 1606 1203 1668 καί
1219 1594 1240 1688 ἦ
1256 1595 1368 1689 μήτηρ
1384 1605 1445 1689 τῆς
1467 1604 1567 1688 ζωῆς,

254 1704 311 1768 καὶ
333 1700 365 1768 ol
387 1694 519 1768 doidexu
540 1703 756 1789 κυβερνῆται,
778 1705 836 1767 καί
857 1692 878 1786 ἡ
899 1703 1075 1785 παρθένος
1097 1703 1160 1769 τοῦ
1187 1694 1319 1784 φωτός,
1349 1706 1406 1770 καὶ
1428 1694 1447 1770 ὁ
1469 1722 1568 1785 πρεσ-

253 1793 358 1884 βότης
381 1791 400 1867 ό
422 1802 539 1883 τρίτος
561 1790 580 1867 ό
602 1800 640 1867 έν
663 1804 713 1888 τῷ
735 1793 871 1886 μεγάλῳ
893 1802 1022 1886 πλοίῳ,
1045 1802 1101 1867 καὶ
1124 1795 1164 1869 τὸ
1188 1804 1258 1884 ζῶν
1279 1805 1426 1887 πνεῦμα,
1447 1804 1504 1868 καί
1526 1796 1567 1869 τὸ

255 1914 364 1985 τεῖχος
387 1901 449 1967 τοῦ
470 1891 618 1984 μεγάλου
637 1893 762 1984 πυρός,
787 1902 844 1968 καὶ
871 1894 912 1967 τὸ
936 1914 1046 1984 τεῖχος
1068 1902 1131 1967 τοῦ
1152 1892 1279 1986 ἀνέμου
1307 1904 1363 1968 καὶ
1385 1903 1448 1969 τοῦ
1470 1892 1569 1986 ἀέρος

253 2002 309 2067 καὶ
331 2001 396 2067 τοῦ
416 1989 542 2078 ὕδατος
563 2003 618 2067 καὶ
641 2003 706 2069 τοῦ
728 1999 859 2069 ἔσωθεν
880 1992 988 2084 πυρὸς
1009 2001 1073 2066 τοῦ
1095 2001 1227 2083 ζῶντος
1252 1996 1339 2084 πρὸς
1361 1995 1426 2067 τόν
1446 1995 1569 2085 μικρὸν

201 2113 235 2168 15
255 2102 422 2186 φωστῆρα
444 2101 608 2179 οἰκοῦσιν,
635 2095 729 2185 ἄχρις
755 2093 798 2167 ἀν
824 2093 865 2168 τὸ
887 2101 955 2184 πῦρ
977 2096 1206 2184 καταναλῶση
1233 2093 1297 2167 τὸν
1318 2094 1448 2186 κόσμον
1470 2090 1567 2169 όλον·

253 2200 291 2266 έν
322 2214 444 2278 ποσοῖς
473 2224 559 2267 ποτε
590 2198 710 2279 ἔτεσιν,
743 2187 794 2265 ῶν
824 2191 887 2267 onix
917 2195 1047 2284 ἔμαθον
1078 2193 1143 2285 τὴν
1172 2191 1359 2287 ποσότητα.
1401 2202 1457 2267 καὶ
1482 2194 1605 2283 μετὰθ

253 2403 445 2486 quicumque
466 2402 500 2466 in
520 2401 612 2467 illum
635 2403 728 2467 deum
750 2406 889 2484 sperant,
920 2401 976 2484 qui
998 2422 1070 2465 oum
1091 2399 1203 2483 Moyse
1225 2401 1351 2468 loeutus
1373 2406 1474 2467 estet
1495 2424 1568 2485 pro·

251 2503 368 2584 phebis,
396 2523 468 2567 eum
494 2503 564 2585 ipso
585 2501 703 2567 habent
723 2501 861 2566 uinculis
882 2502 978 2580 tradi,
1005 2502 1081 2584 quia
1106 2524 1171 2567 non
1193 2506 1399 2584 speraverunt
1418 2501 1452 2566 in
1473 2503 1566 2566 deum

251 2602 409 2681 ueritatis3
429 2601 485 2667 ille
507 2603 590 2666 enim
612 2604 786 2666 seeundum
808 2601 1079 2683 concupiscentias
1107 2622 1179 2667 suas
1200 2600 1328 2667 loeutus
1350 2604 1398 2665 est
1419 2622 1490 2665 uum
1513 2603 1567 2665 eis.

200 2706 235 2759 20
333 2699 422 2766 XIII.
443 2700 521 2766 Post
544 2702 623 2766 huso
648 2723 722 2767 vero
745 2703 851 2766 omnia
881 2703 921 2764 ad
949 2699 1097 2764 ultimum
1130 2700 1221 2779 dicit,
1252 2702 1335 2765 sieut
1366 2701 1433 2784 ipse
1463 2702 1568 2766 senior

251 2802 392 2884 scripsit:
423 2822 495 2866 eum
516 2799 716 2866 manifestam
742 2801 853 2866 feeerit
879 2800 947 2864 eius
968 2799 1155 2882 imaginem,
1185 2804 1263 2864 tuno
1283 2801 1351 2884 ipse
1373 2798 1568 2867 Homoforus

253 2905 342 2965 extra
362 2922 395 2966 se
416 2906 533 2965 terram
555 2899 753 2983 derelinquit,
775 2904 807 2964 et
827 2900 873 2963 ita
887 2897 1060 2962 dimittitur
1080 2918 1213 2982 magnus
1228 2899 1283 2965 ille
1296 2900 1381 2985 ignis
1404 2900 1460 2984 qui
1478 2922 1567 2965 mun-

253 3002 327 3064 dum
364 3005 529 3067 consumat
562 2998 757 3077 uniuersum3
793 2999 906 3063 deinde
941 2999 1058 3065 iterum
1094 2999 1267 3063 demittunt
1302 3001 1452 3078 animam,
1488 3021 1567 3083 quae

253 3100 389 3165 obicitur
409 3100 493 3165 inter
513 3099 651 3164 medium
672 3100 747 3165 novi
769 3097 899 3177 saeculi,
929 3103 966 3162 ut
993 3119 1101 3164 omnes
1128 3098 1250 3163 animae
1272 3104 1473 3182 peceatorum
1495 3101 1563 3164 vin·

200 3207 235 3261 25
253 3199 377 3264 uiantur
397 3200 431 3264 in
452 3204 622 3265 aeternum.
665 3197 755 3263 Tune
776 3203 882 3264 autem
903 3197 984 3263 haee
1004 3198 1089 3278 fient
1112 3219 1183 3263 uum
1205 3203 1308 3263 statua
1322 3200 1450 3263 venerit
1487 3199 1563 3265 Pro·
1584 3204 1602 3259 2

251 3298 385 3366 lationes
415 3304 519 3365 autem
550 3321 659 3365 omnes
689 3298 777 3364 Iesus
808 3301 856 3363 est
884 3298 918 3361 in
947 3298 1073 3363 modion
1102 3297 1187 3375 navi,
1223 3302 1254 3362 et
1283 3302 1385 3363 mater
1414 3299 1497 3363 vitae
1532 3304 1565 3363 et

252 3401 419 3465 duodecim
441 3398 665 3483 gubernatores
687 3402 719 3463 et
740 3399 831 3481 uirgo
853 3397 935 3462 lueis
957 3402 990 3462 et
1011 3398 1117 3462 senior
1134 3398 1254 3461 termus.
1290 3395 1384 3463 Unde
1400 3400 1433 3462 et
1450 3396 1563 3464 maiori

251 3499 285 3563 in
306 3499 380 3563 navi
401 3499 510 3563 vivens
531 3499 661 3581 spiritus
682 3498 856 3575 adhibetur,
878 3502 910 3562 et
932 3518 1041 3561 murus
1064 3494 1148 3580 ignis
1165 3495 1252 3560 illius
1266 3496 1382 3581 magni,
1404 3500 1436 3560 et
1454 3518 1563 3561 murus

252 3599 339 3662 venti
360 3601 392 3661 et
412 3598 493 3662 stris
516 3602 548 3662 et
573 3619 675 3681 equae
701 3601 733 3661 et
761 3597 923 3662 interioris
953 3596 1038 3680 ignis
1068 3596 1146 3675 vivi,
1176 3617 1258 3679 quae
1288 3597 1396 3663 omnia
1425 3598 1459 3662 in
1488 3596 1566 3660 luna

200 3696 453 3769 obnubilamur,
484 3704 649 3781 usquaqbo
670 3701 774 3762 totum
804 3697 957 3760 mundum
987 3696 1071 3780 ignis
1102 3696 1257 3774 absumat3
1288 3698 1322 3761 in
1353 3703 1432 3781 quot
1461 3701 1566 3761 autem

337 3877 422 3932 Aen
437 3879 494 3931 ιιι
511 3878 611 3947 σμιρι.

339 4048 374 4103 17
399 4064 512 4117 moysen
530 4048 556 4101 A
588 4051 592 4114 1
627 4049 664 4105 18
687 4047 817 4117 quoniam
835 4047 869 4100 M
898 4050 901 4115 Ι
934 4046 971 4101 21
1000 4045 1097 4100 seueris
1115 4045 1176 4099 AM
1204 4048 1208 4114 Ι
1240 4045 1402 4101 humoforus
1423 4047 1447 4101 C
1470 4047 1565 4100 bomo·

252 4133 326 4188 lorus
344 4132 378 4186 M
406 4134 411 4199 Ι
444 4133 483 4188 22
510 4131 681 4202 derelinquet
698 4134 724 4187 A
741 4131 861 4201 reliquid
879 4132 913 4186 M
940 4134 945 4197 Ι
979 4131 1019 4187 28
1043 4132 1256 4185 eonsummutA
1290 4132 1294 4197 Ι
1327 4130 1454 4185 dimittur
1471 4131 1565 4185 anima

252 4219 278 4272 A
293 4220 297 4287 Ι
315 4222 381 4271 etad
398 4217 517 4272 animam
536 4219 631 4288 βῶλον
649 4216 829 4285 Epiphanius
861 4218 866 4283 Ι
891 4215 990 4283 aulul
1010 4230 1080 4283 quae
1097 4212 1226 4282 obicitur]
1244 4213 1309 4281 seblt
1327 4215 1369 4269 tei
1386 4214 1565 4283 Μμίμίιοιιιαι

252 4302 256 4370 Ι
286 4302 325 4358 24
343 4301 491 4357 uincantur
509 4300 570 4355 AM
598 4303 603 4367 Ι
636 4301 674 4357 25
692 4302 782 4355 fietA
813 4304 817 4368 Ι
845 4304 938 4355 statua
955 4299 1071 4367 venerit]
1092 4297 1252 4365 Beausobre,
1271 4299 1326 4354 iste
1343 4304 1404 4355 tota
1420 4299 1563 4354 ueneritA

252 4389 357 4442 statute
374 4384 481 4441 uenerit
499 4385 556 4441 dies
578 4386 721 4441 Ostatute
739 4386 846 4441 uenerit
863 4384 990 4455 probatio
1009 4383 1043 4436 M
1063 4386 1067 4451 Ι
1091 4381 1269 4454 prolationes]
1288 4385 1464 4455 probationes
1473 4383 1534 4437 AM
1560 4386 1564 4451 Ι

253 4471 344 4535 soluo
360 4472 419 4524 αἰια
436 4470 562 4524 αιἰαιίιοίι
584 4487 724 4535 ιιιιμωιοαο
741 4469 917 4537 Purupbrose
949 4471 953 4536 Ι
986 4468 1025 4524 26
1043 4466 1161 4535 modica]
1185 4467 1222 4521 od
1239 4486 1265 4521 a.
1284 4469 1352 4522 Rue.
1374 4470 1397 4523 0
1426 4472 1431 4535 Ι
1463 4468 1569 4524 uitaO

252 4553 342 4616 22Ι28
359 4556 457 4610 mnion'
474 4555 503 4609 in
521 4556 595 4625 naui]
612 4555 701 4609 maior
717 4554 747 4609 in
764 4555 831 4609 naui
842 4556 868 4609 A
886 4554 985 4608 maiori
1002 4553 1068 4608 naui
1089 4553 1145 4608 OM
1164 4555 1169 4621 Ι
1197 4553 1237 4611 28
1255 4554 1320 4608 nuri
1339 4553 1444 4623 vivens]
1461 4554 1564 4616 αίίοσ,

251 4636 285 4691 M
313 4639 318 4704 Ι
349 4637 422 4709 ignis
440 4638 567 4695 illiusoe
588 4642 636 4708 01
664 4642 703 4696 22
722 4640 865 4708 etaquuu]
884 4656 917 4694 eu
935 4639 1051 4708 quan
1079 4640 1083 4705 Ι
1118 4640 1242 4699 st<A
1273 4640 1278 4707 1
1311 4639 1384 4709 ignis
1402 4638 1459 4693 vivi
1485 4638 1565 4707 quae]

251 4721 325 4792 ignis
342 4720 494 4792 uiuensque
512 4726 536 4779 A
554 4725 612 4780 uiui
631 4726 746 4794 quaed
775 4728 779 4791 Ι
812 4725 852 4780 θθ
869 4723 1037 4780 habitabant
1055 4723 1089 4776 M
1117 4724 1121 4789 Ι
1155 4724 1284 4778 obsumat
1301 4726 1326 4778 A
1359 4726 1364 4791 Ι
1396 4720 1469 4791 quod
1487 4721 1541 4776 AO
